2910 4980
258 393 295 450 12
529 390 713 455 HISTORIA
734 389 1037 452 ucmnsttstlcn.
1107 393 1313 472 [toto-1035]

304 508 461 581 Baroncs
487 507 742 597 Normanniae,
767 509 973 608 principum
998 534 1147 583 suorum
1173 526 1315 584 tantum

255 622 435 697 feruorem
457 648 537 725 erge
561 639 719 697 sanctam
742 624 952 724 religionem
978 625 1156 713 videntes,
1182 627 1313 698 imitari

256 741 489 829 affectarunt,
515 742 612 815 etad
632 741 747 816 simile
766 768 857 841 opus
874 768 910 816 se
930 768 1081 842 suosque
1097 744 1230 816 amicos
1247 769 1316 842 pro

256 856 372 930 salute
391 858 592 930 animarum
614 885 758 931 suarum
784 860 998 933 excitarunt.
1016 860 1118 933 Unus
1141 861 1252 933 alium
1277 861 1315 932 in

256 971 357 1047 hono
372 999 479 1072 opere
492 973 682 1048 festinabat
694 977 840 1076 praeire,
855 976 1232 1078 eleemosynarumque
1248 978 1318 1050 lar·

256 1089 366 1187 gitate
389 1087 545 1188 digniter
564 1116 742 1188 superare.
767 1091 923 1191 Quisque
949 1107 1140 1191 potentum
1163 1118 1199 1167 se
1222 1091 1317 1166 deri·

258 1205 359 1277 sione
374 1204 525 1305 dignum
536 1205 737 1304 judicabat,
757 1207 784 1278 si
811 1207 957 1280 clericos
980 1222 1042 1279 aut
1063 1206 1258 1281 monachos
1278 1208 1317 1279 in

258 1346 319 1393 sua
343 1321 560 1419 possessione
576 1322 621 1395 ad
635 1323 699 1396 Dei
718 1321 884 1394 militium
900 1320 1006 1396 rebus
1024 1323 1226 1396 necessariis
1242 1347 1317 1396 non

258 1435 492 1510 sustentabat.

308 1554 423 1652 Igitur
440 1554 614 1653 Rogerius
631 1552 676 1626 de
692 1554 832 1626 Toenio
850 1552 1060 1627 coenobium
1078 1551 1318 1641 Castellionis,

259 1667 404 1742 aliosde
423 1667 577 1743 conchis
593 1670 817 1758 construxit,
836 1668 900 1743 ubi
918 1668 1102 1745 Gilbertus
1118 1667 1243 1757 abbas,
1263 1669 1320 1741 rir

259 1809 398 1882 magnae
410 1782 605 1858 honestatis
617 1801 651 1857 et
666 1784 861 1884 sapientiae,
877 1785 1102 1860 laudabiliter
1110 1785 1261 1882 floruit(
1287 1784 1319 1881 ).

260 1897 471 1974 Goscelinus
485 1899 530 1974 de
542 1900 669 1974 Auchis
685 1917 783 1974 extra
799 1927 923 1974 muros
939 1904 1125 2002 Rotomagi
1143 1904 1181 1974 in
1196 1917 1321 1975 monte

259 2034 392 2091 sunctae
408 2019 597 2092 Trinitatis
614 2019 844 2106 coenobium,
864 2020 963 2118 quod
976 2021 1083 2120 vulgo
1099 2035 1230 2092 sanctae
1248 2018 1320 2093 Ca-

261 2133 414 2209 thorinae
428 2136 574 2224 dicitur,
590 2136 771 2224 fundavit;
788 2137 846 2208 cui
858 2136 1079 2210 venerandus
1090 2134 1197 2208 abbae
1208 2123 1321 2208 lsem-

260 2249 384 2326 bertus
400 2253 569 2351 sapientia
585 2269 623 2326 et
638 2253 811 2352 religione
823 2252 962 2350 pollens
978 2253 1126 2352 praefuit
1138 2253 1209 2350 (a).
1224 2251 1320 2323 Wil-

260 2560 350 2616 Cerisi
363 2584 369 2614 ι
383 2560 419 2615 Iu
429 2559 554 2615 Rodomo
563 2563 684 2629 civitate,
697 2570 817 2632 tempore
826 2560 943 2615 Ioannis
953 2577 1036 2631 papoe
1043 2601 1049 2627 ‚
1060 2578 1135 2614 anno
1144 2559 1181 2614 ab
1192 2562 1322 2613 incarna-

261 2650 334 2704 tione
350 2648 465 2704 Domini
475 2659 507 2704 ιιο
518 2658 580 2704 111⁹
593 2658 624 2703 n·
626 2692 725 2705 .....
740 2648 830 2721 pridie
843 2648 909 2703 idus
922 2648 1088 2715 novembris,
1103 2664 1158 2721 que
1174 2646 1201 2702 le
1221 2664 1251 2701 ra
1269 2665 1321 2702 no-

262 2735 373 2792 vembre
387 2734 453 2792 1032
467 2736 535 2792 etait
551 2736 672 2810 compris
688 2738 756 2792 (lans
768 2736 795 2790 la
806 2736 963 2810 cinquieme
975 2737 1063 2790 annee
1074 2736 1154 2808 apres
1166 2745 1211 2789 oet
1222 2736 1320 2790 mene-

262 2835 341 2881 meut
354 2848 360 2879 :
374 2825 602 2882 Normannornm
614 2836 722 2883 tenente
734 2829 889 2883 Primatum
901 2827 1058 2882 marchione
1071 2826 1202 2896 lieberto,
1215 2829 1321 2899 prima-

262 2922 309 2970 tus
328 2914 389 2991 ejus
407 2935 483 2971 anno
496 2921 537 2971 ν’.
553 2915 678 2972 Illallait
695 2917 768 2972 donc
784 2935 839 2991 que
857 2916 981 2972 Richard
995 2916 1038 2972 111
1052 2915 1095 2972 fut
1112 2925 1188 2972 mort
1202 2926 1283 2972 avaut
1295 2916 1322 2972 le

263 3017 295 3056 ra
314 3002 463 3057 novembre
483 3003 559 3060 1028.
574 3003 719 3061 Prot-etro
732 3015 804 3060 cette
815 3014 890 3060 mort
907 3003 1060 3060 sera-telle
1076 3004 1180 3058 arrivee
1198 3020 1233 3058 au
1252 3005 1322 3059 moia

261 3090 356 3148 d'aouit
368 3110 476 3148 comme
489 3093 557 3149 celle
571 3093 605 3149 de
618 3111 667 3150 son
680 3096 762 3168 perc,
776 3105 805 3150 et
817 3093 978 3151 aura-telle
993 3093 1086 3149 donne
1099 3093 1155 3148 lieu
1167 3111 1220 3147 aux
1233 3094 1322 3148 varia·

260 3181 335 3236 tione
353 3199 408 3256 que
422 3200 493 3237 nous
509 3200 612 3239 venons
628 3182 664 3239 de
682 3183 750 3239 faire
769 3201 930 3259 remaruuer
944 3182 1133 3240 relativement
1145 3185 1161 3237 a
1172 3182 1199 3238 la
1211 3182 1322 3239 finum

261 3270 374 3343 dujour
385 3271 424 3325 dn
438 3273 508 3327 mois
520 3291 592 3346 pour
605 3283 677 3328 cette
691 3272 827 3329 demiere.

295 3361 374 3417 Nous
382 3380 465 3418 avons
477 3363 539 3436 <teja
549 3365 696 3438 remarque
708 3363 845 3419 ci-dessns
856 3379 911 3436 que
924 3361 962 3418 du
973 3377 990 3416 a
996 3361 1090 3434 juillet
1104 3358 1170 3417 1035
1180 3376 1245 3434 au9
1258 3375 1321 3433 sep·

260 3452 369 3509 tembre
385 3453 464 3528 1087,
481 3455 589 3529 epoqne
601 3453 637 3509 de
649 3454 674 3510 la
688 3464 763 3508 mort
773 3453 808 3508 de
820 3452 981 3510 Guilluume
994 3450 1020 3506 le
1031 3451 1225 3524 conquirant,
1240 3467 1276 3504 on
1286 3467 1321 3504 nc

259 3543 373 3616 pouvait
382 3561 442 3599 com
447 3555 508 3617 pter
521 3545 755 3620 uinquam-trois
766 3561 815 3599 ans
829 3541 989 3615 accomplia,
1003 3541 1071 3596 mais
1081 3539 1233 3596 seulement
1245 3554 1322 3594 eom·

261 3634 382 3689 menses.

297 3720 336 3790 (1)
357 3719 488 3793 L’abbaye
503 3720 539 3776 de
560 3722 688 3778 Conches
709 3720 752 3776 fut
771 3718 872 3775 etablie
891 3735 951 3773 vers
969 3713 1036 3773 1035
1056 3734 1106 3789 par
1125 3716 1269 3789 Roger1·'
1286 3714 1321 3770 de

263 3809 367 3877 Toeni,
383 3808 424 3864 fils
435 3809 471 3864 de
484 3810 587 3878 finoni,
601 3829 650 3866 sur
668 3829 707 3865 un
719 3811 826 3866 terrain
839 3809 953 3882 contigu
965 3810 981 3862 a
991 3806 1016 3861 la
1026 3805 1089 3861 ville
1105 3807 1140 3861 de
1153 3805 1280 3862 Couches
1292 3815 1322 3860 et

263 3910 375 3973 portant
386 3899 457 3956 alors
468 3901 494 3957 le
507 3920 572 3957 nom
585 3901 620 3956 de
638 3901 798 3956 Castellion.
812 3899 938 3967 Gilbert,
951 3897 1042 3952 moine
1053 3896 1089 3952 de
1098 3898 1216 3969 Feeamp
1230 3904 1259 3949 et
1271 3911 1319 3949 son

263 3989 384 4061 premier
393 3988 478 4055 abbe,
493 3989 602 4044 existait
615 4008 715 4045 encore
727 4008 761 4044 en
778 3987 853 4044 1050.

300 4078 339 4146 (a)
353 4077 485 4150 L’abbaye
498 4078 533 4134 (le
546 4077 573 4134 la
586 4077 847 4134 Trium-dullum
859 4077 922 4150 pret
939 4075 1052 4143 floren,
1074 4075 1123 4150 qui
1140 4073 1198 4147 prit
1209 4071 1278 4126 dans
1295 4072 1321 4126 la

265 4167 336 4221 snite
356 4165 466 4222 lencm
488 4169 526 4224 du
544 4166 908 4237 liunt-Sainte·Cutherine,
931 4164 1031 4223 funden
1051 4184 1102 4240 ptr
1116 4161 1262 4229 Gotoelim
1278 4165 1320 4219 vi·
