2910 4980
563 421 678 481 nlssuu
699 421 881 495 QUINTUS.
1196 426 1256 483 3:17

189 565 316 611 omties
328 539 465 612 vicinos
480 541 553 637 ejus
568 536 791 612 landabiliter
803 540 972 612 excrevit.
989 540 1256 639 Pampelonium

191 659 386 743 destruxit,
402 657 702 754 Caesaraugustam
719 655 906 731 obsidione
919 655 1132 755 subjugavit,
1145 658 1256 729 Was-

193 774 356 859 uoniam,
376 773 604 871 Hispaniam,
624 773 815 846 Saxoniam
832 771 974 871 subegit
991 787 1027 844 et
1044 773 1254 870 Bajoariam.

193 887 403 961 sclavorum
418 887 499 987 (qui
513 887 611 960 Vulti
628 886 819 981 dicuntur)
835 904 871 960 et
886 890 1078 960 Hunorum
1095 888 1258 986 regiones

192 1005 398 1077 devastavit.
418 1006 597 1102 Tempore
612 1004 838 1077 Constantini
854 1021 891 1077 et
911 1006 1025 1077 lrenae
1046 1006 1170 1077 matris
1186 1009 1259 1104 ejus

194 1121 510 1216 Constantinopoli
530 1119 676 1218 quidam
701 1120 875 1217 lapideam
897 1120 1035 1193 invenit
1059 1147 1175 1192 arcam
1187 1174 1197 1206 ‚
1224 1135 1261 1193 et

197 1239 236 1308 iu
250 1265 287 1310 ea
302 1238 420 1307 virum
431 1240 610 1332 jacentem
621 1263 702 1309 cum
716 1236 780 1309 bac
793 1239 989 1336 scriptura:
1002 1236 1177 1310 caaisavs
1190 1263 1261 1308 ua-

196 1379 334 1429 scnrvn
348 1379 394 1426 ux
409 1356 533 1425 Mean
546 1353 722 1439 vaura,
738 1380 783 1425 ur
799 1380 917 1426 curuo
933 1379 969 1427 1n
983 1379 1072 1426 nvn.
1088 1355 1157 1425 Suu
1171 1354 1261 1426 Con-

197 1494 376 1542 srsurnvo
395 1495 440 1541 nr
458 1470 569 1542 luens
586 1495 892 1554 mrnnaronmvs,
915 1494 1032 1556 osou,
1052 1494 1190 1540 irrnvn
1209 1494 1259 1540 nu

199 1609 338 1657 vaurms
349 1588 415 1681 (1).
431 1582 507 1657 Sub
521 1590 640 1661 Leone
648 1612 736 1685 papa
746 1601 853 1660 terrae
864 1601 983 1660 motus
992 1612 1141 1685 magnus
1149 1585 1263 1657 factus

196 1724 269 1794 est,
283 1709 344 1808 qui
360 1735 450 1807 pene
464 1725 576 1781 totam
590 1710 728 1780 ltaliam
742 1709 940 1792 concussit,
955 1722 993 1779 et
1006 1723 1140 1781 tectum
1151 1707 1264 1781 ecolo-

197 1827 261 1897 siae
274 1825 317 1895 B.
333 1824 431 1896 Pauli
446 1850 528 1896 cum
541 1825 612 1895 suis
631 1823 791 1896 trabibus
808 1851 932 1922 magna
947 1849 990 1895 ex
1008 1837 1108 1921 parte
1120 1823 1260 1921 dejecit.

200 1942 309 2015 Asino
325 1941 370 2013 ab
388 1943 634 2015 incarnatione
652 1941 798 2015 Domini
818 1956 936 2029 uccc⁰,
955 1938 1153 2013 indictione
1168 1953 1262 2028 νυν,

200 2057 354 2130 llarolus
372 2084 432 2129 rex
452 2085 469 2127 a
488 2060 608 2131 Leone
628 2083 716 2155 papa
731 2058 927 2155 imperator
943 2069 1169 2129 consecratus
1189 2072 1263 2143 est,

199 2189 236 2245 et
259 2202 277 2245 a
302 2174 472 2248 Romanis
493 2175 672 2273 Augustus
696 2173 892 2270 appellatus
915 2189 981 2247 est.
1007 2172 1202 2271 Completis
1227 2175 1265 2244 in

200 2319 313 2390 regno
333 2317 433 2363 xuvn
456 2293 578 2381 annis,
596 2291 750 2365 Karolus
766 2290 878 2379 obiit,
899 2307 936 2364 et
951 2291 1153 2366 Ludovicus
1171 2291 1265 2362 lilius

201 2409 275 2505 ejus
298 2432 398 2478 xxvn
423 2409 526 2479 annis
546 2409 724 2505 regnavit,
748 2408 804 2479 cui
823 2403 1068 2480 Guillebertus
1086 2406 1267 2505 archiepi-

202 2549 330 2623 scopus
347 2551 365 2594 a
382 2525 524 2596 secretis
541 2524 623 2594 suit.

202 2679 247 2738 32.
341 2680 541 2735 Raiuovvardus
554 2681 620 2734 huic
630 2682 760 2735 successit
773 2681 802 2734 iu
816 2680 914 2734 ordine
925 2680 1004 2745 lelix;

343 2769 396 2824 llic
410 2770 479 2824 aluit
489 2770 583 2834 mites,
599 2769 770 2842 compescuit
782 2778 865 2843 atque
877 2768 993 2825 rebelles
1001 2770 1050 2839 (a).

204 2911 270 2981 llic
282 2935 307 2981 x
319 2912 435 2996 annis,
449 2927 611 3010 tempore
624 2908 788 3009 Eugenii,
801 2909 984 2982 Valentini
997 2924 1033 2982 ct
1043 2909 1209 3009 Gregorii
1220 2909 1268 2980 lV

204 3052 391 3124 paparum,
411 3027 477 3096 sub
494 3024 696 3125 Theophilo
718 3025 882 3125 Augusto
898 3025 1033 3099 lloruit.
1049 3026 1112 3097 His
1127 3040 1270 3123 tempo·-

205 3139 307 3210 ribus
335 3140 505 3212 dissentio
534 3138 626 3211 facta
655 3157 706 3212 est
736 3141 773 3210 in
803 3139 936 3225 Gallia,
965 3141 1050 3211 dum
1081 3138 1271 3213 Lotbarius

205 3271 332 3327 contra
366 3254 585 3328 Ludovicum
618 3255 721 3328 Pium
755 3272 895 3354 patrem
930 3280 1034 3326 suum
1069 3254 1269 3327 rebellavit.

206 3374 313 3443 Tunc
334 3373 500 3469 primitus
525 3371 726 3444 Normanni
745 3374 969 3444 Britanniam
992 3386 1027 3445 et
1052 3371 1134 3443 alias
1160 3387 1272 3444 terras

207 3502 456 3574 vastaverunt,
483 3489 584 3561 etde
608 3489 716 3560 llerio
740 3488 854 3559 insula
873 3511 1003 3584 corpus
1022 3487 1059 3558 S.
1085 3483 1272 3559 Philiberti

210 3603 423 3675 translatum
442 3619 495 3676 est
507 3605 578 3702 (3).

243 3817 253 3885 (
259 3818 282 3885 1)
300 3815 377 3869 Nous
390 3834 473 3870 avons
489 3817 551 3890 ddja
568 3837 602 3871 vu
620 3831 690 3875 cette
708 3820 778 3875 lable
796 3822 943 3894 consigne'c
960 3823 1143 3894 precise'ment
1156 3820 1223 3874 dans
1236 3820 1275 3875 les

208 3905 313 3960 memes
325 3916 444 3975 termes,
458 3905 477 3960 l.
495 3925 517 3974 ι,
533 3929 560 3981 p.
581 3907 639 3964 155.

242 3995 282 4064 (a)
301 3993 450 4066 Ragnoard
465 4013 502 4049 ou
513 3996 681 4053 Raiuoward
696 3996 830 4072 (828-837
842 4017 878 4053 ou
893 3997 944 4054 858
953 4006 971 4066 ).

244 4079 283 4152 (3)
302 4083 355 4138 Sur
373 4103 417 4139 ces
435 4088 623 4152 &veromente
645 4106 725 4157 rayca
749 4088 883 4143 cidessus
903 4107 951 4143 nos
974 4099 1068 4150 notes,
1091 4087 1108 4142 lt
1134 4107 1156 4153 1,
1178 4107 1205 4160 p.
1229 4086 1276 4141 158

210 4181 238 4224 ct
256 4170 311 4245 159.
