2910 4980
199 431 260 491 420
471 426 653 487 HISTORIA
676 425 978 487 ECCLFSIASTICA.
1154 431 1257 508 [1083]

191 553 301 651 pavi,
316 549 421 647 eique
439 546 559 619 locum
575 562 661 618 tutoe
677 549 875 620 mansionis
893 549 985 620 inter
1000 547 1171 622 aemulas
1188 551 1258 622 Dei

198 664 302 766 apud
319 664 463 736 blicam
486 666 525 735 in
545 662 717 737 Neustria
734 665 931 760 procuravi
935 696 952 749 ‚·
971 690 1041 765 pm
1063 691 1135 764 quo
1156 665 1257 737 erdo-

197 782 281 877 gias
297 777 578 850 benedictionis:
598 801 674 848 xxx
689 778 826 851 scilicet
841 804 982 850 marcos
998 779 1255 879 argentifutu·

197 900 247 970 ris
267 899 347 997 ejus
369 899 554 996 magistris
572 913 606 966 et
627 894 884 968 consodalibus
909 894 957 967 de
975 902 1178 998 porismate
1201 897 1255 996 (1)

197 1040 276 1088 meo
293 1013 444 1086 libenter
457 1015 616 1113 erogavi.
638 1011 701 1086 Sic
713 1039 784 1114 pro
798 1012 1033 1113 Redempon's
1047 1040 1172 1087 amore
1184 1016 1255 1114 pn'-

197 1134 420 1232 mogeuitum
440 1129 531 1202 milti
543 1128 666 1229 filium
688 1128 839 1218 abdico,
866 1146 900 1201 et
920 1146 1019 1202 trans
1037 1146 1198 1232 pontum
1221 1135 1255 1236 in

197 1249 350 1322 erilium
363 1249 522 1335 destino,
547 1264 585 1318 ut
606 1247 789 1319 ultroneus
806 1247 895 1318 exul
912 1251 1004 1320 inter
1023 1264 1166 1321 exterus
1182 1251 1257 1348 regi

196 1369 325 1441 militet
340 1368 514 1454 oetltereo,
536 1365 599 1438 ubi
620 1364 711 1438 liber
725 1364 772 1438 ab
792 1367 895 1437 omni
906 1382 1102 1466 parentum
1117 1391 1209 1440 cura
1225 1382 1255 1437 et

195 1487 330 1584 affectu
342 1481 515 1580 lethifero,
527 1484 661 1554 eximie
674 1486 798 1580 vigeat
807 1483 844 1552 in
855 1480 1102 1554 observatione
1115 1508 1255 1554 monas·

196 1606 270 1676 tica
281 1620 316 1675 et
328 1603 427 1675 cultu
441 1602 648 1673 Dominr'co.
663 1601 771 1690 Haec,
788 1600 989 1699 inspirante
1001 1599 1095 1688 Deo,
1109 1599 1255 1700 jamdu-

191 1720 280 1790 dum
296 1716 513 1804 desideravi,
531 1742 579 1788 oc
590 1714 644 1786 ad
658 1715 750 1787 talia
763 1741 831 1804 me,
845 1716 1126 1816 progeniemque
1140 1741 1253 1787 meam

194 1834 386 1935 applicare
410 1834 535 1906 studia
558 1834 772 1934 peroptavi,
807 1848 846 1902 ut
872 1858 1022 1922 mereor,
1055 1832 1252 1931 opitulante

191 1953 317 2048 gratia
344 1951 437 2039 Dei,
465 1975 547 2021 cum
563 1949 670 2049 prole
693 1974 773 2020 meu
795 1951 889 2021 inter
911 1948 1043 2020 electos
1069 1950 1109 2020 in
1134 1949 1252 2020 ultimo

195 2067 365 2137 examine
383 2066 599 2166 computari.

242 2182 351 2255 Anno
369 2182 479 2281 igitur
496 2179 541 2254 ab
560 2181 807 2254 incarnatione
824 2179 971 2252 Domini
993 2194 1037 2251 n⁰
1053 2193 1168 2253 uxxx⁰
1185 2190 1248 2265 ιη’,

195 2298 393 2372 indictione
409 2309 462 2370 1v¹
476 2298 548 2396 (2),
565 2297 740 2397 Rogerius
757 2323 889 2383 comes,
908 2313 950 2368 ut
965 2296 1128 2372 hortatus
1147 2297 1252 2372 fidelis

195 2413 387 2488 consiliarii
418 2413 627 2488 commodos
654 2440 727 2487 esse
756 2412 1025 2512 comprobavit,
1054 2411 1252 2487 Guarinum

194 2532 445 2607 vicecomitem
457 2547 493 2605 et
509 2532 675 2605 Picotum
692 2531 736 2604 de
751 2532 827 2603 Saia
846 2533 915 2630 (3),
935 2547 1155 2632 caeterosque
1170 2556 1252 2630 pro-

228 2754 267 2823 (r)
284 2753 408 2819 cerunt,
423 2751 472 2824 qui
484 2770 500 2804 a
512 2749 650 2822 plusieurs
669 2748 882 2822 significatione,
898 2753 938 2805 est
955 2751 1013 2822 pris
1026 2751 1062 2805 ici
1076 2750 1146 2806 dans
1159 2751 1185 2806 lc
1198 2769 1253 2806 seua

195 2839 230 2894 de
242 2840 352 2910 pabule,
371 2841 457 2893 avoir.

231 2929 270 2998 (a)
290 2929 326 2981 la
338 2927 434 2981 charte
447 2925 482 2980 de
492 2924 636 2980 laudatior
646 2926 782 2994 (Monost.
795 2926 908 2997 anglic„
921 2943 942 2992 ι,
957 2944 986 2999 p.
999 2924 1062 3002 379)
1073 2946 1109 2982 ne
1119 2939 1200 3000 porte
1211 2945 1254 3001 pas

196 3015 232 3071 de
249 3015 321 3071 date.
341 3015 411 3070 Mais
431 3032 486 3068 une
502 3013 597 3067 charte
614 3012 650 3068 de
667 3013 976 3079 Guillaume-le·lloux‚
992 3014 1120 3070 d'accord
1139 3035 1203 3071 arec
1219 3016 1254 3071 les

127 3100 129 3104 Α
197 3107 361 3162 documenta
373 3105 482 3171 locaux,
498 3122 533 3157 ne
547 3103 624 3176 place
636 3103 662 3157 la
680 3103 824 3159 fondation
840 3104 876 3158 de
889 3102 1010 3177 l’abbaye
1023 3105 1106 3179 qu’eu
1127 3106 1208 3182 1087;
1221 3123 1254 3161 ou

198 3205 267 3269 peut
279 3212 413 3268 supposer
424 3211 479 3267 que
496 3192 534 3247 les
545 3203 659 3247 travaux
677 3193 877 3265 preparatoires
895 3196 1117 3250 commenceoent
1131 3198 1147 3250 a
1159 3196 1185 3250 la
1197 3195 1256 3249 date

200 3287 346 3358 rapportee
358 3303 408 3356 par
416 3282 544 3349 ordene,
558 3292 586 3336 et
596 3300 652 3356 que
663 3280 869 3353 l’orgauisatiou
879 3281 1018 3337 definitive
1026 3282 1105 3337 u'eut
1114 3282 1170 3338 lieu
1179 3284 1256 3358 qu’en

204 3376 279 3451 1087,
295 3374 514 3429 conformemeut
523 3376 537 3426 a
547 3391 579 3427 ce
592 3373 641 3445 qui
654 3391 685 3424 va
694 3371 753 3425 etre
766 3370 809 3425 dit
816 3370 978 3426 cidessous.
991 3371 1078 3427 Notre
1087 3383 1187 3428 auteur
1200 3373 1256 3429 s'est

201 3467 311 3536 trompe
328 3463 363 3518 de
376 3461 448 3516 deux
461 3480 509 3516 ane
520 3461 588 3515 dans
601 3461 626 3515 le
639 3458 727 3515 catcul
743 3459 778 3514 de
789 3459 961 3528 l'indicti0n;
975 3462 1043 3516 mais
1056 3462 1102 3517 ila
1115 3465 1256 3519 renconus‘

198 3554 274 3623 juste
285 3551 355 3605 dane
366 3550 391 3604 la
403 3549 579 3604 coincidence
591 3548 658 3622 qu'il
671 3547 767 3603 etablit
780 3559 858 3604 entre
869 3549 895 3604 le
909 3547 944 3603 25
961 3549 1062 3605 sevrier
1073 3560 1101 3605 et
1113 3550 1141 3605 le
1150 3552 1217 3623 jour
1226 3548 1257 3604 te

202 3641 228 3695 la
241 3639 373 3704 semaiae,
389 3639 438 3710 qui
452 3638 520 3692 etait
529 3655 565 3691 en
574 3635 637 3691 ellet
649 3655 688 3690 un
701 3635 813 3691 samedi.

238 3728 276 3801 (3)
293 3728 372 3782 Picot
389 3727 425 3781 de
438 3727 483 3782 sai
497 3729 610 3798 (canton
623 3726 819 3799 d'Argentan).
832 3726 912 3781 Cette
929 3725 1046 3795 samille,
1061 3726 1130 3782 dans
1148 3725 1257 3801 laquelle

205 3819 230 3873 le
244 3836 357 3873 surnom
370 3817 404 3870 de
422 3817 500 3871 Picot
513 3815 600 3889 paruit
611 3816 686 3871 avoir
698 3819 741 3870 etc'
752 3815 919 3870 he'rc'ulitaire
933 3804 1064 3888 (Roberto
1076 3815 1112 3870 de
1127 3817 1206 3890 Sayo
1217 3817 1259 3889 qui

207 3908 454 3980 copromirmtarur·
466 3908 559 3973 Fient,
575 3906 617 3960 dit
633 3925 689 3960 une
708 3907 803 3960 charte
820 3905 854 3959 de
875 3905 940 3960 1060
958 3924 992 3960 en
1009 3907 1104 3962 faveur
1122 3906 1158 3962 de
1175 3907 1257 3962 Saint-
1290 3923 1291 3926 ’

207 3997 308 4049 ltlartin
320 3995 354 4048 de
370 3996 460 4066 seez),
475 3994 556 4048 suivit
568 3993 661 4066 Roger
674 3994 708 4048 dc
722 3995 936 4065 Montgommeri
952 3994 1019 4048 dana
1036 3994 1062 4048 le
1079 3994 1254 4068 Shropshioe,

167 4092 172 4103 ‘
207 4087 243 4138 01'1
262 4085 339 4137 Picot
353 4084 388 4138 de
407 4086 450 4138 Sui
470 4093 547 4156 recut
566 4082 601 4137 dc
622 4082 835 4155 luiriugt-ueul
845 4083 974 4138 mauoirs.
996 4082 1054 4137 Elle
1073 4083 1113 4155 s'y
1130 4083 1193 4138 allia
1211 4097 1255 4137 aux

209 4173 382 4245 ltlagnevillc,
396 4173 529 4229 r'ccucillit
538 4172 598 4227 leur
608 4176 770 4241 succession,
782 4184 810 4228 et
821 4174 947 4229 transmit
956 4173 982 4229 le
992 4173 1202 4231 comted'Fasex
1211 4187 1254 4228 nu
