2910 4980
92 386 286 468 mn-rtn]
449 387 567 450 33333
587 386 770 465 03333333.
1080 389 1140 452 333

90 533 230 608 necque
254 510 431 604 sangnine
459 507 640 607 vivificari
660 521 803 607 posset,
837 529 995 576 emerem
1023 532 1141 579 meum

90 651 145 697 nn
158 623 224 696 itto
241 623 463 721 effunderem
472 657 490 711 ;
513 641 547 695 33
562 624 650 725 plns
667 647 777 723 quum
787 622 955 714 feminea
977 620 1143 696 imbecil-

90 742 167 815 'itos
188 742 367 841 spondere
387 741 517 829 audet,
539 756 688 842 paterer
706 742 940 811 anxietatem.
967 739 1142 838 Quanam

90 858 343 932 numeratione
357 874 396 929 ut
408 883 464 929 me
475 857 626 929 delectet
637 855 772 930 divitiis
783 855 983 945 abundum,
991 855 1141 955 filium-

90 998 151 1071 3333
173 998 290 1045 meum
314 974 431 1044 nimia
452 977 580 1072 potiar
607 973 764 1073 opprimi
791 969 978 1069 egestate?
1002 972 1143 1043 Procul

90 1087 177 1161 zhsit
191 1113 217 1160 a
231 1087 340 1160 corde
350 1115 430 1161 meo
446 1104 552 1161 tantu
568 1086 724 1175 duritia,
743 1112 809 1159 nec
823 1102 945 1159 vestra
956 1086 1061 1159 debet
1073 1088 1142 1161 boe

90 1205 173 1278 stilti
176 1205 306 1300 jubere
318 1208 505 1305 potentia!

126 1323 193 1394 llis
216 1323 346 1394 auditis
367 1321 464 1394 ferus
489 1323 656 1420 princeps
676 1320 868 1419 expalluit,
886 1334 924 1394 et
940 1322 978 1393 in
999 1336 1141 1394 tantum

92 1464 132 1512 ra
142 1441 217 1537 ejus
226 1438 407 1526 efferbuit,
417 1454 459 1511 ut
472 1437 663 1539 quemdam
672 1440 808 1538 reginas
822 1437 1060 1527 veredarium,
1072 1465 1140 1513 no·

90 1554 179 1628 nine
192 1556 399 1628 samsonem
408 1608 419 1643 ,
438 1580 568 1654 genere
583 1554 788 1641 Britonem,
801 1555 960 1652 jussisset
976 1580 1142 1653 compre-

90 1670 208 1759 tendi,
229 1686 265 1743 et
284 1696 370 1744 mox
388 1671 501 1745 oculis
517 1671 664 1770 privari.
684 1669 822 1744 Verum
838 1671 912 1757 ille,
929 1697 994 1770 per
1009 1673 1142 1746 amicos

90 1785 217 1885 eginae
241 1802 284 1857 ut
301 1787 565 1860 animositatem
583 1786 675 1884 regis
696 1786 863 1885 agnovit,
881 1785 964 1886 sugo
987 1787 1141 1887 elapsus,

90 1900 239 1975 dictum
263 1900 372 1975 ferale
393 1900 579 1987 devitavit,
607 1926 647 1972 ac
672 1900 716 1973 ad
739 1899 951 1976 coenobium
976 1901 1144 1978 Uticense

90 2033 244 2090 [ctutum
260 2019 437 2116 confugit.
461 2017 515 2089 lbi
534 2044 554 2089 a
572 2017 750 2090 Mainerio
771 2013 900 2089 abbate
921 2018 1043 2118 regina
1060 2046 1144 2118 pre-

90 2148 186 2208 333333
202 2150 384 2234 susceptus
396 2149 462 2222 est,
476 2149 512 2207 et
525 2132 777 2206 monachicum
788 2132 927 2207 schema
942 2160 1012 2234 pro
1027 2136 1143 2209 sulva-

90 2251 183 2325 ione
201 2251 364 2348 corporis
381 2266 417 2323 et
435 2252 564 2322 animae
581 2248 771 2323 salubriter
787 2248 933 2322 indutus
952 2267 1017 2324 est.
1033 2253 1143 2326 Calli-

90 2365 147 2438 lus
171 2379 210 2438 et
234 2364 406 2465 eloquens
428 2381 535 2466 atque
560 2382 674 2438 castus
696 2366 787 2452 fuit,
813 2380 850 2437 et
870 2390 960 2438 xxvi
983 2369 1086 2441 annis
1105 2369 1143 2440 in

90 2481 211 2555 33311333
228 2481 422 2554 monachili
442 2483 542 2556 vixit.

122 2600 196 2672 His
216 2597 441 2697 temporibus
460 2601 499 2672 in
517 2599 714 2673 Teutonica
731 2599 879 2697 regione
894 2597 1042 2697 quidam
1059 2627 1146 2673 aua-

90 2717 229 2792 boreta
252 2717 309 2787 vir
332 2715 450 2789 bouus
473 2730 510 2788 et
531 2731 673 2788 sanctus
697 2728 794 2801 erat,
818 2714 881 2814 qui
899 2715 995 2787 inter
1017 2730 1144 2790 caeteru

90 2836 260 2909 intutum
289 2833 440 2933 insignia
470 2833 638 2932 spiritum
667 2831 868 2931 prophetiae
897 2828 1061 2905 habebat.
1090 2834 1146 2908 Ad

90 2976 193 3056 333333
211 2950 393 3024 Matbildis
414 2953 536 3052 regina
561 2950 692 3051 legatos
718 2967 755 3024 33
777 2950 881 3023 xenia
902 2951 1020 3040 misit,
1045 2978 1085 3026 ac
1105 2971 1148 3026 ut

90 3096 151 3147 ro
166 3070 319 3157 marito,
334 3069 482 3169 filioque
497 3095 563 3143 suo
574 3067 761 3142 Rodberto
773 3071 887 3141 Deum
904 3084 1042 3156 oraret,
1062 3096 1148 3168 sup-

90 3188 229 3264 liciter
239 3187 397 3286 rogavit,
413 3212 453 3258 ac
470 3201 511 3257 333
525 3185 735 3257 vaticinium
750 3182 848 3285 quod
861 3184 910 3257 eis
927 3184 964 3255 in
981 3184 1147 3259 futurum

90 3304 330 3402 antingeret,
361 3301 427 3373 sibi
458 3301 644 3376 mandaret
669 3300 808 3401 adjecit.
839 3300 888 3372 Α3
914 3299 973 3371 1113
1001 3303 1149 3376 nuntios

90 3433 198 3495 333333
221 3417 381 3489 mulieris
398 3415 603 3517 benigniter
625 3417 800 3514 suscepit,
824 3413 1053 3514 induciasque
1073 3442 1149 3490 res-

90 3530 269 3613 ondendi
289 3558 402 3632 usque
424 3534 461 3605 in
477 3532 572 3606 diem
594 3534 743 3607 tertium
762 3532 880 3631 petiit.
902 3532 1149 3608 illuscescente

90 3666 209 3724 utem
228 3647 331 3720 tertia
347 3645 425 3735 die,
445 3648 579 3720 vocatis
595 3649 730 3748 reginae
747 3643 1008 3746 responsalibus
1027 3646 1118 3720 dixit
1137 3680 1145 3720 :

90 3768 150 3855 le,
167 3778 204 3834 et
216 3759 295 3834 ltoec
308 3761 467 3836 dominre
478 3779 609 3836 uestrae
619 3763 780 3865 depone
793 3789 874 3834 mea
888 3764 1064 3835 intimate.
1082 3764 1149 3837 Se-

90 3878 249 3955 nendum
252 3880 541 3979 postulationem
552 3896 653 3953 tunm
664 3882 782 3953 Deum
793 3881 907 3970 oravi,
921 3878 1054 3971 etdaec,
1070 3883 1150 3983 ipso

90 3999 368 4088 temonstrame,
389 4001 426 4069 in
444 4000 587 4071 visione
603 3998 732 4070 didici.
754 3999 847 4072 Vidi
865 3996 1052 4097 quoddam
1061 4025 1152 4099 pra·

94 4140 163 4187 um
182 4114 299 4187 herbis
315 4115 513 4213 etfloribus
522 4116 765 4217 pulcherrime
776 4117 960 4203 0333133033,
976 4132 1009 4187 et
1022 4141 1152 4214 equum
