2910 4980
191 409 299 486 [1070]
556 407 674 477 ttssn
695 407 887 485 Quintus.
992 459 996 467 ,
1199 416 1261 475 sos

191 526 255 605 lari
271 526 500 627 disciplinam
514 528 824 621 instituebant,et
841 530 1082 630 religiositatis
1100 535 1261 633 exempla

191 645 460 745 proponebant.
476 646 658 722 Coenobio
675 648 770 723 beati
785 648 882 720 Petri
899 648 1145 746 apostolorum
1162 652 1263 748 prin-

192 763 283 862 cipis
312 762 436 863 (quod
461 763 664 864 Anglorum
692 766 831 864 primus
859 764 988 838 doctor
1015 782 1265 840 construxerat

192 880 440 980 AQustinus)
462 879 619 955 famosus
640 879 748 954 abbas
771 883 917 982 scientia
941 899 977 956 et
998 882 1160 958 bonitate
1181 887 1265 984 pol-

193 994 466 1094 lenspraelatus
494 1015 546 1071 est
575 997 784 1072 Scollandus
811 999 880 1097 (ι).
912 997 979 1071 llic
1007 1027 1049 1073 ex
1075 1004 1264 1077 nominato

193 1129 381 1193 stemmate
407 1115 445 1186 in
462 1114 685 1187 Normannia
711 1130 835 1202 natus,
857 1115 893 1186 in
919 1118 1264 1191 Monte-Michaelis·

193 1228 816 1329 archangelind-periculummaris
838 1231 1052 1329 regulariter
1073 1232 1263 1324 educatus,

193 1346 238 1421 ad
253 1345 544 1422 emendationem
562 1373 707 1420 morum
726 1345 927 1419 Cantuariis
944 1374 963 1418 a
981 1347 1201 1421 Normannis
1214 1354 1283 1424 est'

194 1462 378 1562 praelatus.
399 1462 572 1536 Similiter
591 1466 629 1535 in
647 1461 723 1534 aliis
741 1465 967 1536 monasteriis
984 1465 1053 1535 cita
1075 1466 1269 1565 magistro-¹

194 1607 279 1655 mm
294 1582 449 1655 mutatio
467 1582 558 1653 lacta
575 1595 649 1669 est,
670 1605 753 1679 quae
769 1579 981 1678 quibusdam
998 1581 1100 1653 utilis
1121 1599 1157 1654 et
1174 1609 1267 1656 non-

195 1697 306 1773 nullis
317 1698 514 1796 pericnlosa
526 1712 603 1773 tam
617 1695 794 1794 magistris
807 1722 916 1795 quam
929 1694 1083 1769 subditis
1095 1697 1187 1770 sacta
1200 1714 1264 1772 est.

220 1816 513 1891 ›Cantuariensis
531 1812 717 1901 cathedra,
747 1816 784 1887 in
810 1839 880 1914 qua
904 1812 1028 1888 sedens
1048 1814 1269 1915 Augustinus

194 1931 344 2011 decreto
353 1931 641 2031 Gregoriipapae
658 1930 805 2029 praesuit
821 1929 991 2003 omnibns
1005 1932 1180 2031 episcopis
1193 1935 1270 2005 Bri·

196 2051 347 2141 tanniae‚
359 2048 706 2149 depositoStigando
719 2048 860 2121 decreta
872 2065 924 2122 est
933 2049 1135 2124 Lansranco
1148 2049 1268 2124 Cado-

195 2168 375 2242 mensium
399 2164 543 2255 abbati,
572 2167 665 2265 regis
689 2182 726 2239 et
755 2167 922 2239 omnium
950 2167 1168 2264 optimatum
1196 2171 1270 2267 ejus

195 2285 363 2361 benivola
375 2285 562 2359 electione.
584 2286 652 2358 Hic
668 2311 712 2358 ex
730 2282 843 2357 nobili
861 2283 1043 2383 parentela
1062 2300 1184 2374 ortus,
1204 2286 1268 2357 Pa·

195 2404 265 2503 piae
283 2402 385 2485 urbis
406 2402 517 2475 ltaliae
535 2399 691 2491 civibus,
710 2400 755 2473 ab
774 2403 877 2474 annis
896 2400 1060 2475 infantiae
1081 2402 1119 2473 in
1138 2402 1268 2476 scholis

197 2517 402 2605 tiberalium
418 2519 550 2590 artium
567 2517 725 2607 studuit,
744 2533 781 2590 et
798 2517 1023 2590 saecularium
1040 2518 1160 2618 legum
1174 2521 1270 2618 peri-

196 2638 289 2717 tism-
302 2636 347 2707 ad
368 2637 494 2735 patriae
516 2662 589 2708 suae
608 2661 749 2709 morem
774 2636 977 2708 intentione
1001 2635 1085 2707 laica
1109 2635 1268 2709 fervidus

197 2753 358 2828 edidicit.
383 2751 681 2825 Adolescentulus
698 2766 823 2825 orator
838 2768 1026 2825 veteranos
1045 2752 1268 2826 adversantes

197 2872 231 2945 in
250 2868 455 2943 actionibus
472 2895 656 2942 causarum
674 2869 885 2971 frequenter
902 2871 1142 2969 praecipitavit
1151 2925 1164 2962 ,
1182 2886 1267 2946 tor-

196 3002 299 3062 rente
319 2986 486 3059 facundia
509 2986 671 3085 apposite
697 2985 850 3058 dicendo
876 3012 977 3059 senes
1003 2986 1197 3086 superavit.
1226 2990 1267 3059 ln

197 3107 268 3207 ipsa
288 3118 393 3178 aetate
412 3105 605 3178 sententias
630 3129 797 3201 promere
821 3103 959 3200 sapuit,
979 3128 1067 3202 quas
1084 3117 1268 3200 gratanter

193 3223 391 3321 jurisperiti
411 3236 474 3292 aut
493 3220 630 3320 judices
647 3235 707 3291 aut
728 3236 903 3318 praetores
927 3220 1079 3291 civitatis
1103 3235 1267 3318 accepta-

196 3335 298 3412 bant.
319 3338 367 3408 At
389 3362 473 3407 cum
499 3336 535 3408 in
558 3335 666 3409 exilio
689 3336 788 3408 velut
809 3335 911 3407 Plato
933 3333 1116 3434 quondam
1140 3335 1267 3409 acade-

194 3459 311 3539 micus
339 3451 668 3552 philosopharetur,
700 3454 792 3552 ignis
820 3467 977 3525 aeternus
1005 3465 1166 3523 mentem
1193 3454 1267 3549 ejus

194 3573 381 3660 incendit,
400 3589 437 3645 et
456 3598 559 3646 amor
582 3598 676 3644 verae
700 3570 884 3669 sapientiae
907 3568 1008 3641 cordi
1034 3571 1107 3666 ejus
1129 3568 1262 3640 illuxit.

229 3914 271 3984 (1)
289 3912 328 3967 Ce
341 3928 513 3984 personnage
525 3911 591 3964 e'tait
605 3907 747 3982 peut-dne
760 3906 883 3960 membre
896 3904 931 3960 de
944 3904 968 3958 la
981 3902 1084 3958 samille
1095 3903 1171 3976 qnia
1185 3903 1265 3959 laissti

189 4020 246 4058 son
260 4019 325 4056 nom
339 4019 375 4054 au
384 4000 477 4073 hourg
491 3999 526 4053 de
536 3998 756 4053 Ponte'coulant:
774 3997 851 4051 Pons
866 3993 1019 4050 Scollandi.
1032 3993 1057 4046 ll
1069 3992 1137 4046 etait
1147 3991 1217 4047 abbe
1230 3993 1265 4048 de

190 4092 387 4150 &int-Pistre
397 4090 432 4145 de
442 4090 616 4162 Canterbury
627 4100 708 4145 avant
724 4105 805 4163 1072,
819 4089 927 4161 epoque
939 4082 1082 4159 'alaquelle
1095 4081 1115 4136 il
1124 4083 1214 4156 siegea
1228 4103 1264 4140 au
1369 4085 1374 4100 '

192 4183 304 4240 concile
314 4183 350 4238 de
362 4181 717 4238 winchester-wintro.
730 4179 755 4236 ll
768 4189 883 4235 mourut
895 4196 930 4233 en
943 4174 1099 4250 septembre
1116 4174 1193 4250 1087.

271 4298 310 4346 tt.
1077 4270 1118 4357 ¹4
