2910 4980
201 360 262 421 240
470 360 654 421 HlsTonls
676 359 983 458 BchEstsstlcs.
1159 367 1267 445 [1⁰72]

247 478 340 551 Item
361 477 507 566 clerici,
524 479 589 578 qui
610 504 685 550 non
701 476 827 571 electi,
847 504 915 553 nec
931 481 1076 569 uocati,
1095 497 1162 553 out
1181 508 1269 555 nes·

200 598 313 669 ciente
334 596 507 697 episcopo
528 595 646 691 saer-'is
662 594 852 669 ordinibus
873 621 913 668 se
929 593 1244 671 subintromittunt
1250 631 1268 685 ,·

200 711 385 812 aliquibus
397 736 483 785 oero
499 712 711 813 episcopus,
728 727 767 784 ut
779 710 1017 802 diaconibus,
1033 740 1188 787 omnum
1201 716 1266 787 im·

193 829 321 927 ponit,·
336 824 408 899 alii
418 842 566 899 coeteros
579 824 726 899 ordines
735 852 811 901 non
825 825 998 901 babentes
1011 828 1189 902 diacones
1202 848 1269 903 aut

173 1018 179 1030 ,
194 944 395 1051 presbyteri
409 958 685 1031 consecrantum
703 942 744 1016 bi
761 942 869 1043 digni
883 960 969 1016 sunt
983 943 1229 1046 depositione.

245 1062 339 1136 Item
354 1064 420 1162 qui
435 1087 590 1137 coronas
613 1060 820 1135 benedictas
837 1060 1040 1135 babuerunt
1055 1080 1089 1135 et
1104 1062 1267 1164 relique-

200 1195 282 1269 runt
286 1204 441 1279 ,usque
457 1176 512 1251 ad
529 1176 687 1279 dignam
704 1176 992 1277 satisfactionem
1012 1181 1267 1253 excommuni-

198 1313 335 1369 centur.
351 1294 489 1369 Clerici
501 1300 567 1394 qui
576 1293 780 1397 ordinandi
789 1310 886 1384 sunt,
901 1299 940 1367 in
953 1312 990 1367 v·
993 1292 1102 1393 feria
1115 1299 1267 1371 vestiant

199 1412 258 1493 ad·
269 1414 532 1514 ‘'Pi‘'ffll’a‘l‘llls

245 1531 338 1629 Item
358 1528 532 1605 morraclri
547 1544 582 1601 et
604 1530 918 1621 sanctimoniales,
942 1534 1007 1632 qui
1029 1531 1169 1606 relictis
1188 1534 1265 1607 suis

198 1647 359 1722 ecclesiis
369 1673 442 1749 per
450 1645 572 1719 orbem
586 1664 780 1746 vagantur,
799 1647 866 1721 alii
877 1672 949 1751 pro
963 1650 1136 1748 nequitiis
1148 1651 1229 1723 suis
1239 1676 1265 1723 u

197 1766 422 1839 monasteriis
431 1764 591 1867 expulsi,
603 1790 694 1864 quos
703 1765 885 1867 pastorali
895 1768 1114 1841 auctoritate
1124 1782 1268 1868 opor-tet

198 1882 411 1985 compellere
422 1898 461 1955 ut
475 1880 530 1954 ad
537 1884 759 1956 monasteria
772 1909 843 1956 sua
854 1883 1006 1957 redeant
1011 1917 1028 1969 ,·
1042 1887 1120 1956 etsi
1132 1882 1266 1985 expul-

197 1988 433 2083 sos'abbates
458 2002 615 2098 recipere
635 1997 837 2089 noluerint,
866 2003 1003 2074 victum
1027 1998 1265 2096 eleemosyna

198 2117 250 2189 eis
271 2114 446 2203 tribuant,
470 2140 555 2215 quse
569 2116 687 2188 etiam
704 2140 880 2187 mertuum
898 2114 1023 2188 labore
1043 2102 1262 2214 acquirant,

197 2258 383 2332 quousque
398 2233 433 2304 si
448 2233 562 2303 vitam
575 2256 683 2305 suam
698 2231 964 2305 emendaverint
978 2230 1189 2305 videantur.

244 2350 338 2421 Item
349 2363 516 2421 emuntur
522 2362 556 2418 et
563 2347 771 2433 venduntur
778 2372 879 2420 cura:
889 2346 1114 2448 pastorales:
1124 2346 1263 2433 scils'ott

196 2465 359 2571 ecclesiae
367 2461 630 2567 parrochiam
637 2517 651 2551 ,
671 2478 747 2536 tam
764 2489 789 2534 a
807 2461 915 2535 laicis
932 2486 1045 2561 qnam
1060 2488 1087 2534 a
1102 2461 1259 2554 clericis,

197 2583 351 2683 insuper.
369 2580 478 2653 etiam
503 2578 742 2655 asmonacltis
754 2613 771 2666 ‚·
794 2580 893 2679 quod
914 2606 961 2651 ne
982 2578 1148 2681 amplius
1159 2566 1261 2681 fiat,

195 2696 425 2771 interdictum
441 2712 506 2769 est.
527 2695 617 2768 Item
635 2723 681 2768 ne
696 2702 835 2797 nuptias
853 2697 892 2768 in
908 2699 1052 2771 occulto
1055 2696 1179 2797 fiant,
1197 2724 1261 2771 ne·

195 2841 264 2915 que
275 2831 363 2916 post
373 2811 604 2916 prandium,·
624 2814 693 2887 sed
709 2838 864 2914 sponsus
882 2830 918 2899 et
937 2839 1075 2914 sponsa
1088 2814 1219 2914 jejuni
1235 2840 1262 2885 n

193 2928 378 3005 sacerdote
396 2930 528 3029 jejuno
552 2933 590 3001 in
611 2931 826 3003 monasterio
848 2930 904 3028 (r)
930 2928 1202 3021 benedicantur,
1228 2947 1262 3005 et

193 3063 389 3146 antequam
404 3044 629 3145 copulentur,
641 3047 837 3147 progenies
850 3062 1084 3153 utrorumque
1100 3043 1260 3145 diligen·

193 3181 246 3238 ter
273 3162 491 3261 inquiratur.
514 3162 622 3234 Etsi
643 3163 963 3263 r'ry‘ra‚septimam
989 3162 1260 3265 generationem

192 3281 321 3380 aliqua
351 3281 650 3380 consanguinitas
678 3240 822 3381 inoerffa
837 3277 978 3383 juen't,
1003 3295 1039 3353 et
1065 3281 1101 3352 si
1122 3280 1259 3380 aliquis

190 3424 314 3471 eorum
332 3395 504 3471 dimissus
513 3400 649 3491 fuerit,
671 3423 745 3470 non
768 3399 1049 3498 conjungantur.
1072 3395 1259 3471 Sacerdos

191 3516 256 3612 qui
269 3530 392 3585 contra
408 3512 485 3584 lucc
489 3511 625 3613 jecerit
630 3569 643 3602 ,
663 3513 879 3614 deponatur.

238 3631 296 3702 De
311 3628 558 3703 sacerdotibus
575 3646 608 3703 et
625 3627 738 3703 levitis
755 3647 789 3701 et
805 3628 1103 3719 subdiaconibus,
1119 3632 1257 3731 quise

191 3747 309 3817 minas
332 3745 402 3817 sibl
427 3734 710 3845 usurpaverunt,
732 3745 929 3819 concilium
942 3746 1171 3819 Lucooiense
1190 3746 1257 3821 ob-

225 4023 263 4090 (ι)
282 4024 357 4079 Nous
369 4042 451 4080 avons
463 4025 525 4097 dejt
537 4030 683 4101 ternasque
692 4026 760 4101 qu'il
770 4025 856 4080 tanais
866 4038 981 4082 souvcnt
992 4027 1123 4100 prendre,
1134 4029 1202 4085 chen
1214 4028 1252 4082 te·

191 4111 322 4167 icrivains
338 4116 376 4169 du
391 4134 488 4187 moyen
503 4116 566 4188 fige,
582 4135 612 4171 ce
626 4128 685 4172 mot
698 4117 766 4171 dans
778 4116 940 4189 l’acception
954 4117 1067 4189 d'e‘glise
1081 4116 1248 4190 parcissime.
