2926 4980
195 426 253 485 tat
469 421 653 482 HISTORIA
675 418 979 481 tcctttslasttct.
1155 424 1267 503 [1068]

194 541 300 615 rodus
319 539 569 614 Eboracorum
589 539 891 638 uictropolitanus
901 593 912 628 ,
931 541 994 639 qui
1012 542 1185 617 maritum
1202 543 1267 615 in·

194 671 365 746 unxerat,
392 655 603 731 Mathildem
619 655 662 728 ad
678 657 905 731 consortium
928 657 1016 756 regii
1039 655 1190 735 honoria
1206 658 1268 735 die

193 778 420 849 Pentecosten
435 797 534 847 anno
552 787 595 845 11⁰
616 773 718 873 regni
736 771 876 871 praefati
894 772 987 871 regis
1009 773 1168 846 inunxit.
1192 775 1268 850 De-

195 906 314 964 corata
341 891 442 991 regio
468 889 666 965 diademate
694 905 878 978 matrona,
907 890 1119 989 priusquam
1147 916 1266 966 annua

194 1009 442 1108 perficeretur,
473 1007 590 1080 filium
616 1009 765 1081 nomine
789 1007 987 1079 Henricum
1011 1008 1070 1106 (ι)
1099 1009 1264 1108 peperit,

195 1153 305 1228 quam
329 1127 441 1200 totius
466 1140 575 1199 terrae
601 1151 673 1198 suae
698 1126 736 1197 in
761 1123 887 1225 Anglia
916 1122 1096 1198 haeredem
1125 1126 1268 1200 consti-

196 1244 280 1315 tuit.
306 1242 374 1314 Hic
382 1295 393 1330 ,
422 1239 510 1312 dnm
535 1239 668 1313 dociles
698 1265 812 1312 annos
840 1240 1035 1338 attigisset,
1062 1240 1267 1314 litterarum

196 1357 381 1431 scientiam
403 1354 549 1443 didicit,
569 1369 605 1428 et
626 1368 709 1454 post
731 1355 919 1456 utriusque
941 1355 1100 1453 parentis
1122 1353 1268 1428 obitum

196 1471 338 1546 militiae
353 1495 485 1570 agones
501 1469 649 1545 fortiter
666 1469 839 1543 exercuit.
860 1469 1022 1543 Tandem
1039 1467 1270 1544 multimodo

195 1589 388 1689 probitatis
402 1588 519 1661 clarus
533 1588 665 1677 titulis,
684 1587 930 1687 principatum
942 1601 1135 1687 paternum
1150 1587 1270 1661 tenuit

195 1704 363 1805 pluribus
379 1706 495 1778 annis.

245 1821 383 1895 Eodem
399 1847 497 1896 anno
514 1822 645 1921 egregii
665 1824 814 1920 juvenes
836 1814 1001 1893 Eduinus
1025 1837 1061 1894 et
1081 1822 1270 1895 Morcarus

198 1939 262 2015 filii
284 1940 416 2040 Elfgari
440 1940 583 2013 comitis
605 1937 891 2028 rebellaverunt,
914 1953 1055 2012 etcum
1084 1938 1133 2011 eis
1161 1937 1269 2012 multi

200 2055 259 2128 alii
276 2056 449 2132 ferociter
471 2057 765 2143 insurrexerunt,
785 2079 944 2157 quorum
961 2069 1083 2126 motus
1104 2051 1272 2128 Albionia

199 2198 351 2271 regnum
370 2172 602 2246 uehementer
625 2169 877 2245 turbaverunt.
899 2169 1114 2244 Guillelmus
1134 2170 1273 2245 etenim

200 2316 285 2379 rex,
303 2289 450 2390 quando
471 2288 636 2361 Eduinns
654 2315 774 2363 comes
794 2315 878 2361 cum
899 2314 943 2361 eo
961 2287 1193 2362 concordiam
1215 2286 1274 2362 fo-

202 2422 317 2496 cerat,
344 2408 447 2508 eique
472 2406 622 2481 fratrem
650 2432 755 2479 suum
782 2421 819 2480 et
841 2432 933 2506 pene
962 2407 1104 2479 tertiam
1130 2420 1275 2504 partem

203 2523 344 2624 Angliae
361 2522 585 2611 subdiderat,
605 2523 716 2596 filiam
730 2548 831 2595 suam
845 2551 882 2596 se
898 2525 936 2595 in
953 2528 1144 2624 conjugem
1160 2524 1194 2597 ei
1210 2521 1276 2596 da·

205 2656 329 2712 turum
342 2639 603 2738 spoponderat;
620 2641 679 2713 sed
694 2640 926 2739 postmodum
943 2639 1174 2713 fraudulento
1187 2664 1277 2714 con·

203 2753 301 2826 sultu
318 2753 633 2841 Normannorum,
652 2756 715 2854 qui
731 2755 840 2826 nimis
856 2753 969 2828 invidi
983 2770 1070 2827 aunt
1083 2770 1120 2829 et
1133 2752 1274 2854 cupidi,

206 2872 436 2970 concupitam
449 2872 628 2971 virginem
640 2886 677 2944 et
687 2870 752 2943 diu
765 2887 988 2970 expectatam
1003 2870 1191 2972 denegavit
1205 2894 1277 2946 no-

205 2986 381 3062 bilissimo
393 2990 532 3086 juveni.
552 2988 657 3062 Unde
675 2990 785 3062 iratus
803 2988 1010 3062 cumfratre
1022 3014 1087 3063 suo
1104 2989 1149 3061 ad
1160 2986 1277 3065 rebel·

207 3103 344 3179 lionem
365 3106 534 3178 incitatus
555 3120 628 3195 est,
653 3131 808 3208 eumque
824 3132 952 3206 magna
975 3132 1057 3206 pars
1073 3105 1278 3206 Angiorum

209 3237 246 3295 et
266 3221 482 3298 Guallorum
501 3237 619 3297 secuta
639 3239 701 3297 est.
728 3224 884 3297 Feruens
906 3223 1065 3297 adfectus
1087 3238 1165 3296 erat
1179 3248 1281 3322 prte-

208 3338 292 3412 fatis
310 3339 483 3413 frutribus
502 3367 584 3441 erga
601 3340 666 3413 Dei
689 3338 828 3412 cultum
845 3357 883 3413 et
903 3340 1087 3416 bonorum
1110 3366 1281 3415 reveren-

210 3456 297 3528 tiam
321 3455 524 3531 hominum.
546 3455 635 3528 Erat
651 3457 703 3528 eis
724 3456 849 3557 ingens
864 3455 1121 3557 pulchritudo,
1144 3453 1280 3530 nobilia

211 3589 247 3647 et
259 3575 375 3674 ampla
389 3576 556 3675 cognatio
565 3630 576 3665 ,
592 3574 662 3649 late
679 3574 800 3648 valens
813 3589 1039 3673 potentatus,
1058 3587 1096 3647 et
1111 3572 1223 3645 nimia
1240 3574 1280 3646 in

210 3715 270 3762 eos
284 3689 516 3789 popularium
529 3689 688 3765 dilectio.
705 3690 736 3762 A
754 3689 892 3763 clericis
905 3704 942 3763 et
953 3688 1138 3762 monachis
1154 3684 1281 3761 crebra

211 3833 279 3904 pro
291 3807 360 3880 illis
371 3806 479 3880 fiebat
489 3811 627 3896 oratio,
644 3823 711 3882 eta
725 3805 840 3880 turbis
858 3832 1056 3906 pauperum
1069 3805 1281 3905 quotidiana

212 3926 437 4024 supplicatio.

248 4204 286 4272 (ι)
305 4204 344 4258 Co
358 4203 453 4275 prince
467 4202 510 4255 sut
522 4199 620 4273 depuis
631 4197 658 4255 ie
669 4201 710 4255 roi
725 4197 813 4253 Henri
826 4196 871 4251 1⁶¹.
