2910 4980
189 391 298 471 [1074]
568 387 683 450 trusa
703 388 895 464 Quassus.
1195 393 1255 450 aas

191 508 363 586 omnibus
372 507 495 607 captis,
504 510 759 607 cujuscumque
767 509 1254 598 conditionissint,dextrum

191 628 335 729 pedem,
346 641 387 698 ut
397 624 645 723 notificentur,
654 638 855 724 amputant.
867 625 1059 698 Radnlfum
1067 628 1253 703 Britonem

190 745 236 817 ad
256 757 415 815 castrum
433 765 540 812 suum
557 738 758 840 fugientem
775 757 1055 840 persequuntur,
1077 743 1136 815 sed
1158 768 1256 816 com-

191 856 415 958 prehendere
437 870 637 956 nequeunt.
660 853 879 956 conglobata
903 854 1069 956 deinceps
1089 857 1257 931 multitu-

191 974 278 1048 dine
290 973 555 1074 Nortbguicum
570 972 737 1046 obsident
753 989 790 1046 et
805 973 1037 1071 impugnant,
1051 976 1166 1048 socios
1179 974 1257 1048 lor-

194 1088 350 1162 titudine
370 1104 407 1162 et
429 1087 602 1161 industria
622 1087 770 1160 militari
789 1085 1050 1176 corroborant,
1068 1104 1105 1165 ct
1123 1089 1258 1164 crebris

192 1206 385 1280 assultibus
410 1207 586 1305 variisque
609 1203 935 1278 machinationibus
956 1205 1112 1280 inclusos
1140 1208 1258 1282 hostes

192 1320 436 1410 circumdant,
451 1338 488 1394 et
500 1347 565 1419 per
579 1337 651 1394 tres
664 1346 803 1393 menses
817 1322 1026 1420 importune
1037 1339 1210 1421 premunt
1222 1342 1259 1397 et

192 1435 358 1536 fatigant.
378 1433 519 1509 Vindex
541 1434 674 1507 deforis
698 1435 875 1507 exercitus
894 1433 1056 1534 quotidie
1080 1438 1207 1510 crescit
1223 1455 1260 1510 et

193 1550 438 1640 confortatur,
457 1566 494 1626 et
507 1552 609 1649 copia
624 1550 752 1636 victus,
768 1549 989 1652 aliarumque
1002 1579 1125 1625 rerum
1137 1556 1187 1627 eis
1199 1557 1260 1653 (ne

192 1666 399 1742 deficientes
412 1664 617 1761 abscedant)
633 1664 776 1739 abunde
787 1666 1072 1740 administratur.
1088 1669 1260 1742 Radulfus

194 1799 315 1856 autem
333 1783 377 1855 de
396 1780 552 1869 Guader,
576 1796 618 1853 ut
639 1807 711 1856 sese
732 1782 782 1854 sic
800 1782 1001 1855 inclusione
1023 1785 1260 1857 constrictum

194 1900 306 1989 vidit,
325 1915 363 1974 et
377 1899 517 1972 nullum
530 1898 748 1998 adjutorium
765 1920 784 1971 a
799 1901 871 1972 suis
888 1900 1123 2000 complicibus
1139 1928 1261 2001 spera-

195 2019 262 2106 vit,
274 2018 515 2092 munitionem
527 2042 628 2089 suam
640 2014 719 2088 fidis
731 2014 938 2091 custodibus
948 2033 1049 2089 caute
1058 2019 1257 2107 commisit,

195 2152 233 2208 et
249 2136 323 2236 ipse
335 2135 544 2234 proximum
562 2159 659 2207 mare
676 2134 852 2233 ingressus
868 2132 1011 2205 Daciam
1031 2158 1101 2232 pro
1119 2136 1261 2208 auxiliis

195 2254 341 2353 navigio
363 2252 463 2326 adiit.
492 2254 631 2325 lnterea
649 2253 772 2325 vicarii
797 2251 889 2350 regis
908 2250 1121 2324 Gnillelmus
1139 2268 1176 2324 et
1199 2254 1261 2325 Ri-

196 2369 324 2443 cardus
343 2370 542 2468 municipes
564 2369 687 2468 oppidi
704 2369 748 2441 ad
764 2366 983 2442 deditionem
1003 2384 1207 2459 coarctant,
1226 2387 1262 2444 et

196 2514 316 2588 regem
346 2489 420 2562 cito
448 2487 563 2560 missis
591 2503 687 2559 trans
713 2501 868 2586 pontum
895 2487 1032 2560 nuntiis
1058 2513 1126 2586 pro
1154 2514 1260 2587 supra

196 2606 340 2705 scriptis
356 2604 516 2678 motibus
532 2603 748 2689 accelerant,
768 2618 810 2674 ut
825 2604 997 2678 velociter
1012 2605 1132 2678 redeat
1151 2605 1260 2677 adsui

198 2721 389 2794 tuitionem
407 2721 507 2819 regni
526 2718 728 2794 obsecrant.

247 2839 403 2938 impiger
426 2839 534 2937 igitur
551 2864 633 2924 rex,
657 2853 698 2909 ut
718 2837 912 2936 legationes
933 2862 1081 2910 suorum
1102 2838 1258 2926 audivit,

198 2953 459 3030 Normannicas
485 2970 522 3026 et
540 2955 796 3027 Cenomanicas
821 2979 878 3027 res
897 2952 1047 3053 provide
1063 2955 1258 3055 disposuit,

199 3086 236 3146 ct
250 3069 420 3146 omuibus
437 3071 573 3169 optime
586 3070 710 3142 locatis
728 3073 764 3142 in
783 3069 950 3170 Angliam
965 3071 1128 3171 celeriter
1143 3087 1262 3145 trans-
1350 3111 1354 3117 ,

199 3189 355 3264 fretavit.
377 3188 468 3281 Qui,
486 3202 677 3287 postquam
688 3212 813 3260 omnes
829 3187 872 3290 ad
891 3188 1027 3259 curiam
1043 3213 1142 3259 suam
1159 3196 1261 3288 regni

199 3331 365 3404 proceres
386 3304 616 3389 convocavit,
639 3303 817 3402 legitimos
834 3301 958 3377 heroes
976 3318 1012 3376 et
1030 3304 1067 3374 in
1085 3302 1155 3378 fide
1172 3331 1262 3404 pro-

199 3421 301 3497 batos
321 3419 460 3494 blandis
485 3418 649 3493 affatibus
670 3420 885 3506 laetificavit3
912 3416 1119 3492 rebellionis
1142 3437 1261 3494 autem

201 3540 404 3613 incentores
422 3552 458 3611 et
476 3537 632 3610 fautores
654 3562 720 3608 cur
736 3534 885 3609 mallent
906 3535 1005 3608 nefas
1022 3561 1131 3635 quam
1150 3539 1262 3635 justi-

200 3655 287 3728 tiam
333 3651 594 3727 rationabiliter
639 3652 887 3751 interrogavit.
932 3650 1148 3725 Custodibus
1187 3655 1261 3755 regi

200 3770 391 3871 pacificatis
414 3771 638 3872 Norguicum
664 3768 844 3842 redditum
866 3784 939 3857 est,
966 3784 1002 3841 et
1024 3769 1194 3844 Radulfus
1218 3772 1263 3846 dc

201 3887 345 3963 Guader
361 3912 478 3962 comes
500 3886 691 3986 Nortguici
710 3884 753 3959 de
774 3885 899 3985 Anglia
923 3887 1178 3986 perpetualiter
1199 3916 1263 3964 ex-

202 4003 430 4078 haereditatus
447 4018 512 4077 est.
529 4003 707 4103 Expulsus
727 4004 845 4104 itaque
865 4031 948 4075 cum
970 4031 1082 4079 uxore
1103 4032 1162 4079 sua
1183 4009 1265 4080 Bri-

202 4123 363 4194 tanniam
395 4122 564 4220 repetiit3
600 4122 757 4220 patrium
784 4123 842 4218 jus
874 4120 972 4221 quod
1005 4124 1036 4195 ei
1071 4125 1265 4226 sceptriger
