2910 4980
203 439 261 502 164
476 436 660 498 HISTORIA
681 433 984 495 ECCLESIASTICA.
1160 436 1272 515 [1067]

200 559 325 660 religio
342 558 455 630 crevit
471 557 667 656 inspirante
683 555 759 628 Deo
778 569 814 628 et
830 553 1063 650 multiplicata
1087 562 1165 625 ests
1176 552 1269 628 Nos-

200 675 267 746 tris
280 670 503 772 temporibus
516 668 685 744 Albertus
696 686 733 743 et
745 667 1047 754 Bartholomaeus,
1063 666 1269 743 Ber-nudus

201 808 237 865 ct
263 790 433 890 Hilgotus
463 814 503 860 ac
531 785 745 860 Guillelmus
768 785 994 858 Nauticcnsis
1016 781 1161 859 abbates
1181 783 1269 859 buic

199 909 420 984 monasterio
443 905 669 1005 praefuerunt
693 905 851 1005 (1),qui
873 904 1060 976 sanctitate
1080 917 1117 976 et
1136 900 1270 1002 probi·

201 1043 273 1100 tate
291 1025 414 1099 multis
430 1023 669 1124 profuerunt,
686 1036 722 1094 et
739 1021 845 1121 longe
863 1020 1002 1120 lateque
1017 1019 1166 1110 famosi,
1179 1021 1268 1095 vici·

198 1145 256 1216 nis
273 1159 309 1216 ct
325 1143 483 1215 extensis
502 1140 640 1213 utiliter
657 1139 875 1210 micuerunt.
896 1140 981 1209 Post
996 1134 1140 1210 obitum
1157 1135 1267 1213 Gnis-

198 1259 293 1334 berti
323 1260 499 1333 lleuricus
529 1236 791 1329 cantuariensis
817 1254 920 1354 prior
945 1251 1083 1325 abbatis
1108 1253 1266 1329 officium

198 1379 373 1478 suscepit,
401 1394 437 1451 et
466 1375 626 1448 Bellense
658 1371 871 1447 coenobium
901 1371 1116 1446 honorifice·
1131 1373 1263 1447 tenuit.

195 1495 278 1589 Quo
287 1492 460 1568 defuncto
472 1489 649 1566 Rodulfus
662 1490 839 1564 Rollensis
851 1489 953 1587 prior
963 1489 1037 1588 (2),
1049 1488 1267 1565 monachus-

196 1634 267 1711 que
300 1609 530 1682 Cadomeusis
556 1608 748 1697 successit,
777 1605 967 1708 studioque
998 1607 1197 1681 sanctitatis
1228 1622 1266 1683 et

197 1727 360 1799 salutaris
387 1724 564 1801 doctrinae
591 1722 659 1796 sibi
685 1724 880 1823 multisque
909 1722 1151 1797 coessentibus
1173 1748 1266 1825 pro-

194 1843 291 1916 desse
312 1842 462 1941 sategit,
485 1856 521 1913 et
544 1839 640 1914 bona
660 1840 698 1912 in
716 1853 898 1912 senectute
917 1838 1162 1937 spiritualibus
1183 1855 1265 1915 stu-

193 1959 261 2032 diis
274 1958 431 2032 fervidus
442 1955 557 2030 adhuc
569 1957 716 2029 insistit.
726 1956 889 2029 Tandem
903 1981 1000 2029 anno
1011 1957 1158 2030 Henrici
1171 1956 1266 2059 regis

194 2077 397 2177 Anglorum
420 2087 482 2148 xx⁰
502 2090 541 2148 ν0
563 2075 749 2175 religiosus
769 2098 875 2146 senex
901 2071 1055 2146 feliciter
1080 2073 1124 2146 ad
1148 2076 1265 2150 Deum

193 2192 338 2265 transiit
351 2219 371 2265 e
386 2191 538 2264 mundo.

242 2308 458 2383 Guillelmus
471 2333 533 2380 rex
545 2301 659 2380 multa
673 2306 894 2396 bundoniae,
908 2322 1099 2408 postquam
1111 2333 1267 2383 corona-

194 2441 250 2496 tus
279 2441 361 2512 est,
391 2424 614 2523 prudenter,
641 2428 760 2522 juste,
793 2424 1061 2525 clementerque
1089 2425 1266 2526 disposuit

193 2540 358 2641 quaedam
375 2537 418 2612 ad
436 2540 546 2638 ipsius
569 2540 721 2612 civitatis
745 2539 931 2614 commoda
949 2542 1004 2615 vel
1028 2541 1263 2641 dignitatem,

192 2654 258 2726 alia
272 2682 354 2755 quae
372 2655 470 2755 genti
488 2654 708 2753 proficerent
724 2656 920 2746 uuiversae‚
935 2657 1111 2729 nonnulla
1131 2656 1266 2758 quibus

193 2772 441 2844 consuleretur
463 2771 617 2844 ecclesiis
640 2786 761 2844 terrae.
782 2771 868 2843 Jura
889 2797 1128 2873 quaecumque
1149 2774 1268 2848 dicto-

191 2889 264 2976 vit,
281 2888 428 2986 optimis
445 2885 648 2960 rationibus
664 2889 793 2960 sanxit.
812 2888 994 2961 Judicium
1005 2906 1148 2963 rectum
1162 2890 1265 2966 nulla

190 3028 341 3100 persona
359 3002 597 3102 nequicquam
624 3001 669 3077 ab
692 3029 735 3077 eo
758 3005 965 3102 postulavit.
983 3005 1174 3079 Neminem
1193 3008 1263 3083 nisi

190 3145 299 3220 quem
327 3144 404 3194 non
430 3117 599 3192 damnare
629 3120 795 3218 iniquum
826 3118 922 3194 foret
954 3120 1149 3196 damnavit.
1183 3124 1265 3197 Suis

190 3260 337 3335 quoque
356 3232 572 3334 primatibus
590 3234 696 3335 digna
713 3261 750 3308 se
769 3250 805 3310 et
822 3237 995 3336 gravitate
1012 3241 1204 3338 praecepit,
1225 3254 1265 3313 et

190 3351 376 3451 diligentia
404 3353 612 3451 aequitatem
642 3353 751 3425 suasit
775 3385 783 3425 :
810 3380 884 3427 esse
912 3356 1047 3454 jugiter
1077 3357 1115 3428 in
1147 3355 1265 3431 oculis

227 3653 266 3721 (r)
285 3653 384 3707 Albert
396 3651 568 3729 (1037-1063
580 3675 618 3709 ou
634 3655 730 3726 1064);
746 3656 913 3712 barthelcmi
925 3656 1011 3727 (1063
1024 3678 1061 3713 ou
1079 3659 1262 3733 ιοδᾼηοῧθς

192 3740 315 3794 Bernard
339 3742 543 3815 (1084·1100);
570 3744 668 3817 Hilgot
689 3744 892 3816 (noo-1105),
916 3746 1077 3802 Guillaume
1100 3749 1265 3808 deltano·

191 3831 215 3896 (r
225 3829 378 3901 rob-1124).
392 3833 428 3885 le
443 3851 508 3886 nom
521 3833 556 3888 de
569 3834 685 3888 Nantais
694 3834 898 3905 (Nnnticensis)
909 3834 951 3889 sut
964 3836 1081 3892 doune'a
1094 3857 1126 3894 ce
1137 3839 1263 3911 dernier,

192 3936 337 3992 parceque
351 3930 432 3973 avant
441 3919 477 3975 de
489 3921 610 3994 prendre
620 3922 718 3977 l’habit
728 3924 903 3997 monastique
916 3924 936 3978 il
949 3927 1021 3979 avait
1033 3929 1077 3981 ete
1089 3928 1266 3988 artaldi-cre

194 4004 230 4058 de
242 4007 354 4061 Nautes.
368 4008 391 4063 Il
406 4010 501 4064 n'etait
511 4029 559 4083 pas
570 4012 721 4084 originaire
732 4012 767 4067 de
777 4023 849 4067 cette
861 4013 938 4081 ville,
954 4018 1023 4069 mais
1032 4016 1068 4070 de
1079 4018 1265 4097 Combourg,

196 4093 429 4152 arrondissemeut
440 4098 475 4152 de
488 4099 665 4156 Salat-Malo.

231 4186 268 4251 (a)
287 4184 385 4239 Prieur
394 4185 429 4242 de
440 4189 466 4244 la
476 4189 633 4246 cathedrale
642 4191 678 4246 de
689 4190 879 4248 Salat-Andre
891 4192 926 4248 de
938 4192 1102 4248 Rochester.
