2910 4980
191 379 229 437 :n
466 375 648 434 numan
669 374 971 435 occursiones.
1144 376 1251 455 [1050]

190 519 334 594 quoque
354 518 435 590 quae
460 507 608 563 vocatur
630 493 771 564 Maisnil
792 492 910 580 Dede,
939 509 975 565 et
1000 493 1181 565 ecclesiam
1206 494 1251 567 de

191 608 360 683 Limboth
376 609 392 705 (
398 607 433 705 ι)
446 635 526 679 cum
539 625 633 681 terra
644 608 844 710 presbyteri
856 664 866 697 ‚
878 627 914 682 et
923 611 1129 707 portionem
1141 636 1251 711 qaum

191 728 308 802 tenuit
324 724 473 797 Hadvisa
489 741 604 797 mater
620 751 746 800 eorum
764 728 800 798 in
818 725 940 800 Veteri
958 728 1099 801 Maisnil
1114 729 1190 825 (2);
1206 728 1252 800 ad

191 845 333 920 Novum
349 843 548 915 Mercatum
560 845 610 938 (5)
624 842 721 915 dedit
731 845 836 943 Hugo
847 859 1011 943 quartam
1024 861 1162 943 partem
1174 868 1252 919 mo-

190 959 335 1032 nasterii
364 959 477 1030 sancti
503 959 598 1030 Petri
629 973 666 1030 et
691 958 864 1030 decimam
894 959 1090 1033 medietatis
1118 961 1250 1034 telonei

191 1078 303 1149 totius
319 1074 414 1146 villae
429 1089 465 1147 et
481 1073 774 1147 molendinorum
788 1074 952 1148 similiter
961 1105 971 1163 3
992 1078 1029 1148 in
1046 1078 1136 1150 Seiri
1146 1079 1252 1150 Fon-

192 1194 332 1289 tana(d)
349 1191 625 1279 monasterium,
647 1206 682 1265 et
697 1192 837 1263 tertiam
853 1209 991 1291 partem
1008 1193 1155 1266 decimae
1168 1219 1252 1264 cum

191 1308 360 1382 omnibus
378 1307 571 1405 primitiis,
591 1323 627 1380 et
644 1308 805 1407 quinque
821 1308 1019 1408 cortilagia.

240 1425 453 1498 Willermus
469 1438 588 1496 autem
604 1423 728 1496 Geroii
751 1423 861 1511 filius,
887 1424 1194 1499 consentientibus
1215 1442 1253 1500 et

191 1536 481 1616 condonantibus
494 1537 576 1611 filiis
590 1539 660 1608 suis
674 1538 834 1611 Ernaldo
851 1557 886 1611 et
901 1541 1114 1628 Willermo,
1130 1559 1166 1615 et
1178 1542 1252 1614 fra-

191 1657 308 1729 tribus
329 1653 514 1728 Rodberto
535 1668 571 1725 et
592 1654 751 1727 Rodulfo
767 1656 1043 1748 Mala-Corona,
1069 1674 1254 1732 monaste-

191 1776 287 1845 rium
308 1773 352 1844 de
372 1770 535 1858 Escalfo‚
561 1771 804 1870 decimamque
826 1773 981 1869 ejusdem
1004 1774 1098 1846 villae
1121 1776 1252 1848 telonei

191 1889 366 1989 praedicto
380 1885 551 1961 coenobio
565 1913 648 1959 cum
667 1903 758 1959 terra
773 1887 974 1988 presbyteri
989 1888 1252 1990 Adelelmique‚

193 2021 228 2077 et
244 2004 517 2077 decimationem
535 2004 645 2074 totius
664 2004 773 2101 sylvae
791 2003 835 2074 ad
856 2004 1014 2077 eamdem
1033 2006 1152 2077 viliam
1169 2032 1255 2104 per-

194 2122 361 2207 tinentis,
386 2136 459 2191 tam
481 2117 524 2190 de
547 2116 669 2190 suibus
687 2118 854 2215 quamde
872 2121 1046 2207 nummis,
1071 2122 1255 2220 ipsamque

194 2235 329 2336 sylvam
357 2233 400 2306 ad
428 2234 547 2305 omnia
577 2234 786 2319 necessaria3
816 2234 959 2332 insuper
982 2252 1018 2308 et
1041 2237 1255 2308 monasteria

193 2354 334 2446 omnia,
357 2378 438 2452 quae
462 2367 548 2422 tunc
573 2352 609 2422 in
629 2350 791 2423 dominio
810 2375 874 2422 suo
899 2349 1070 2439 habebat3
1098 2379 1257 2450 quorum

195 2472 369 2540 nnumin
397 2467 536 2540 honore
559 2467 670 2536 sancti
696 2465 840 2564 Georgii
867 2483 1113 2539 constructum
1138 2484 1191 2541 est
1218 2470 1256 2539 in

197 2586 300 2673 villa,
328 2611 410 2683 quae
439 2582 713 2655 Monasteriolus
744 2583 897 2671 dicitur;
930 2585 1002 2657 duo
1032 2586 1253 2660 Vernuciis:

199 2728 312 2773 unum
341 2701 376 2771 in
400 2698 539 2773 honore
561 2714 691 2770 sanctae
715 2700 858 2788 Mariae,
883 2699 1036 2772 alterum
1060 2700 1258 2774 inhonore

199 2818 310 2889 sancti
333 2816 451 2901 Pauli3
472 2817 508 2887 in
533 2817 650 2913 Sappo
672 2815 744 2888 duo
765 2848 773 2885 :
794 2843 906 2887 unum
930 2817 1124 2891 inhonore
1145 2819 1256 2890 sancti

199 2933 316 3016 Petri,
336 2930 488 3001 alterum
507 2933 542 3001 in
564 2930 701 3002 honore
722 2933 833 3001 sancti
855 2932 1017 3003 Martini.
1038 2932 1123 3004 Haec
1137 2933 1257 3004 omnia

199 3048 346 3146 largitus
355 3063 407 3119 est
420 3071 500 3115 cum
511 3045 656 3116 decimis
669 3062 704 3117 et
718 3046 820 3118 terris
831 3043 874 3116 ad
889 3044 959 3144 ipsa
971 3045 1254 3143 pertinentibus;

201 3341 298 3383 trouve
314 3344 351 3379 en
362 3324 426 3378 esset
438 3323 486 3377 des
499 3325 616 3396 vestiges
630 3322 753 3377 notahles
771 3324 944 3378 d'anciennes
956 3322 1150 3396 exploitations
1160 3324 1196 3380 de
1207 3326 1261 3378 mi-

202 3436 250 3473 nes
262 3417 297 3471 de
311 3415 362 3470 ser.

237 3509 275 3576 (t)
288 3506 324 3558 La
337 3503 433 3556 charte
443 3500 478 3554 de
491 3501 579 3554 Henri
592 3502 627 3554 l‘r
638 3519 672 3553 en
687 3500 781 3554 sarens
794 3499 829 3554 de
841 3488 1047 3555 saint-ilvmult
1056 3519 1126 3555 nous
1138 3502 1261 3574 apprend

200 3614 256 3668 que
270 3594 295 3648 le
308 3589 498 3646 ttesntt-Dode
511 3590 578 3643 etait
591 3608 645 3643 unc
662 3590 845 3643 vavassorerie
857 3591 945 3644 situee
955 3609 1002 3644 sur
1014 3592 1132 3663 Heugon
1148 3615 1152 3642 z
1166 3594 1193 3643 in
1207 3611 1261 3664 pa-

203 3683 296 3737 rochia
308 3683 338 3735 S.
352 3682 469 3733 Maroni
477 3679 502 3731 le
512 3681 624 3750 Hugon,
634 3677 783 3752 quamdam
795 3683 985 3732 voveasrnrr'am
993 3699 1056 3750 quoe
1063 3679 1262 3734 Marad-Beck

200 3773 311 3826 dicitur.
326 3772 420 3838 Quant
434 3773 448 3822 a
461 3770 600 3836 limboth,
618 3770 683 3822 c’est
696 3768 827 3823 Linrbcus
836 3772 898 3841 pres
908 3769 933 3823 le
946 3769 1107 3843 Neulrourg.

237 3864 276 3928 (a)
290 3856 513 3920 Vicus-diescit,
529 3858 646 3911 hamran
659 3847 846 3912 d'Echausour
859 3869 886 3911 et
900 3857 974 3929 plein
990 3857 1038 3912 fies
1046 3857 1081 3912 de
1091 3857 1226 3912 Haubcrt.

236 3946 275 4017 (5)
294 3949 330 4001 Le
343 3944 691 4000 Neuf-lttarclre-en-Lions
704 3947 773 3999 dont
783 3946 887 4017 l'egiise
900 3956 1051 4000 ostensore
1065 3964 1128 4000 sous
1141 3947 1265 4000 l'invoca-

202 4035 261 4089 tion
276 4034 310 4088 de
323 4035 395 4088 saint
412 4032 517 4086 Pierre.

238 4127 276 4194 (4)
290 4124 473 4180 Serifoutaiue
488 4134 565 4178 entre
579 4123 704 4177 Gouruai
716 4134 744 4178 et
758 4123 864 4177 Gisors.
