2910 4980
190 425 393 506 [sors-sors]
525 384 667 487 'imm
688 424 870 499 Qulmus.
1190 423 1250 486 as

190 546 342 618 minima
352 548 423 617 sint
431 598 445 632 ,
454 545 724 645 jureperpetuo
735 543 862 634 trado,
877 570 959 643 qua
975 544 1034 616 lu'c
1044 545 1252 617 'enumerare

190 661 339 736 curalo.
366 658 547 735 Videlicet
570 660 756 735 ecclesiam
781 658 828 732 de
848 659 1099 734 Mantleiscent
1118 662 1193 759 (ι),
1217 663 1258 734 et'

191 779 420 854 medietatem
429 777 582 850 decima
596 779 694 851 illius
706 777 821 868 oilla,
834 780 1055 851 cimeterium
1063 779 1133 877 (α),
1145 795 1253 879 atque

194 914 264 976 tres
281 923 389 969 acras
409 913 512 968 terra
528 921 626 994 pone
648 897 880 984 cimiterium,·
907 923 1046 970 necnon
1069 914 1255 971 monaste-

196 1014 243 1083 rii
261 1012 453 1111 arcagium
467 1012 522 1108 (3)
531 1068 543 1100 ,
563 1026 735 1110 quantum
766 1011 979 1085 Goscelinus
1000 1016 1132 1102 tenuit,
1153 1011 1255 1085 deci·

196 1154 365 1228 mamque
385 1127 587 1201 molendini
609 1132 691 1201 mei.
716 1131 768 1202 Et
786 1132 820 1202 si
841 1129 894 1202 ibi
915 1147 1112 1203 mercatum
1123 1128 1251 1228 sacia,

197 1246 377 1319 decimam
398 1247 451 1318 eis
471 1246 637 1318 similiter
658 1245 742 1318 iude
763 1273 896 1319 annuo.
922 1247 1129 1320 Monachus
1150 1273 1254 1336 vera,

199 1365 265 1463 qui
279 1366 317 1450 in
329 1363 583 1437 Montleiscent
594 1362 791 1453 habitabit,
810 1391 995 1465 nunquam
1005 1364 1197 1436 molturam
1211 1363 1258 1436 de

198 1507 346 1553 annana
361 1505 430 1552 sua
445 1480 560 1553 dabit.
581 1478 695 1578 Quod
707 1483 742 1553 si
756 1485 833 1580 ipse
847 1481 926 1554 uult
941 1479 1074 1554 molere
1087 1480 1142 1553 ad
1152 1507 1258 1553 suum

199 1596 463 1682 molendinum,
471 1594 611 1691 faciat.
627 1595 671 1667 Si
684 1622 759 1668 non
771 1596 914 1697 placet,
930 1597 984 1668 ad
997 1622 1115 1668 meum
1129 1596 1256 1684 molat,

200 1713 464 1811 molturamque
479 1739 585 1784 suam
598 1712 743 1785 lrabeat.
760 1714 806 1784 In
823 1712 1084 1788 Marcltesailla
1095 1714 1151 1810 (4)
1174 1739 1261 1813 quo·

200 1857 283 1930 que,
294 1829 476 1930 quidquid
485 1829 537 1900 ibi
543 1828 678 1902 labeo:
691 1846 836 1916 terram,
849 1833 1118 1918 monasterium
1130 1830 1262 1903 molen·

200 1948 348 2036 diuum,
377 1946 426 2019 da
444 1950 497 2020 eis
516 1949 555 2019 in
574 1962 798 2048 perpetuum.
819 1947 867 2018 In
884 1946 998 2037 villa,
1018 1972 1101 2046 quae
1125 1947 1264 2019 dicitur

200 2062 424 2139 lalandella
438 2065 511 2162 (5),
529 2063 578 2136 do
589 2063 820 2136 nihilominus
834 2079 962 2134 terram
978 2067 1083 2135 unius
1099 2065 1217 2134 aratri
1228 2080 1263 2134 et

199 2182 469 2254 monasterium.
481 2179 733 2267 Nemorislmei
745 2179 926 2252 decimam
939 2178 1105 2251 similiter
1115 2177 1165 2251 do
1180 2205 1190 2249 .·
1206 2182 1262 2251 vi·

201 2293 332 2368 delicet
346 2292 392 2366 de
406 2296 614 2396 pasnagia,
637 2291 684 2365 de
702 2293 853 2393 apibus,
875 2292 920 2365 de
939 2291 1060 2365 bestiis
1077 2292 1262 2392 sylvaticos

202 2439 286 2511 quoe
309 2411 358 2483 ibi
378 2413 579 2513 capientur.
602 2411 717 2484 Porci
737 2436 878 2511 quoque
901 2409 1161 2484 monachorum
1183 2411 1261 2482 nul·

203 2527 343 2599 latenus
352 2528 578 2627 pasnagium
595 2533 633 2598 in
645 2553 722 2599 meo
736 2553 880 2600 nemore
894 2525 1047 2599 dabunt.
1064 2525 1145 2612 Nec
1159 2526 1265 2625 quid·

204 2670 312 2743 quam
325 2645 444 2743 operis
456 2644 517 2715 uel
531 2645 666 2718 servitii
678 2645 751 2718 σίνε
763 2644 1010 2744 expeditionis
1025 2643 1134 2730 milri,
1144 2667 1265 2740 ‘neque

201 2760 354 2857 posteris
370 2762 459 2830 meis
474 2758 551 2831 ullo
569 2775 725 2860 tempore
742 2761 913 2832 monachi
928 2759 1092 2832 reddent.
1107 2760 1160 2830 Et
1173 2756 1266 2830 side

202 2880 291 2949 meis
300 2876 505 2949 hominibus
517 2875 620 2950 beata
630 2875 788 2976 Ebruffo
800 2878 1120 2952 darevelaendeae
1129 2876 1265 2976 aliquis

203 2991 349 3091 aliquid
370 2992 545 3080 voluerit,
573 2993 739 3066 omnibus
766 2993 976 3068 omnimoda
1001 2993 1051 3067 da
1080 2994 1265 3066 licentiam

239 3259 279 3325 (r)
297 3256 449 3312 Moulieent
460 3257 572 3328 (Orno).

238 3345 278 3416 (α)
296 3344 370 3399 Lisez
386 3368 392 3399 :
408 3348 602 3400 coemetcrium.

238 3426 277 3503 (5)
294 3433 334 3487 Co
347 3443 404 3488 mot
416 3445 458 3488 est
470 3434 526 3488 sort
538 3435 646 3489 obscur.
657 3435 770 3490 Suivant
780 3434 925 3509 Ducange,
939 3437 959 3490 it
972 3435 1133 3509 signifierait
1142 3453 1181 3489 un
1191 3434 1266 3490 droit

204 3539 290 3595 percu
304 3523 369 3579 chez
388 3523 426 3579 les
445 3525 585 3580 habitante
600 3544 636 3580 en
653 3525 806 3581 indemnite
818 3525 853 3581 de
865 3526 891 3580 la
904 3525 1005 3582 faculte
1019 3526 1122 3581 d'avoir
1134 3526 1200 3580 chez
1213 3544 1267 3581 eux

204 3609 253 3666 des
266 3611 362 3666 coffres
374 3630 411 3666 ou
422 3614 556 3668 armoires
568 3617 675 3684 (arca).
688 3615 714 3668 N
716 3632 766 3669 ons
776 3633 893 3670 sommas
902 3618 982 3688 porte
995 3619 1011 3670 ὲ
1022 3633 1122 3688 penses
1134 3633 1189 3689 que
1201 3615 1268 3669 c'est

204 3698 297 3772 plutot
314 3718 353 3755 un
366 3701 442 3756 droit
457 3721 528 3775 pour
542 3702 627 3775 de'pot
643 3702 759 3775 d'objets
772 3705 902 3777 precieux
918 3704 986 3760 dans
1002 3704 1041 3760 les
1059 3703 1155 3760 coffies
1167 3722 1204 3759 oa
1222 3723 1267 3758 ar-

206 3790 307 3844 moires
324 3789 359 3845 de
374 3790 490 3864 l’eglise,
510 3794 547 3848 οὺ
566 3792 598 3847 ils
617 3792 743 3849 dernient
760 3794 818 3850 istro
838 3793 951 3867 plasea
969 3794 1061 3850 sirete
1073 3812 1128 3869 que
1142 3793 1208 3848 chez
1227 3792 1267 3848 les

206 3879 389 3950 particuliers.

240 3968 279 4036 (l)
298 3967 486 4037 marchione,
498 3973 561 4043 pros
573 3970 662 4026 Illioes
671 3971 905 4042 (Eure-et-Loir).

207 4053 508 4198 Mlillpmbablement
520 4059 669 4126 Laadelles⁵
687 4062 748 4131 pris
761 4059 909 4128 Courville,
924 4078 961 4115 ou
976 4060 1041 4114 bien
1053 4058 1078 4113 la
1093 4059 1194 4128 Laude,
1205 4060 1267 4131 pris

237 4161 254 4197 o
285 4156 367 4200 scant.
