2910 4980
510 390 516 411 ¹
559 386 676 448 num
696 384 878 462 Qurrrus.
1191 390 1250 450 ses

189 502 552 601 constantinopoleos
580 505 772 604 aggregatis
799 502 938 600 imperii
967 502 1104 575 viribus
1133 504 1252 577 insur-

188 619 306 706 rexit,
333 635 369 692 et
396 618 546 719 repulsis
576 634 659 718 post
687 617 798 691 multa
831 617 1045 691 detrimenta
1072 617 1250 706 idolatris,

190 733 280 809 fines
306 733 593 810 Christianorum
621 733 798 809 liberavit.
830 734 913 807 Ossa
944 758 1089 833 quoque
1122 751 1253 806 sanctae

189 849 339 950 Agatbae
358 852 506 951 virginis
529 867 566 925 ct
588 851 779 951 martyris,
801 850 1025 951 aliorumque
1047 865 1255 924 sanctorum

191 989 362 1064 corpora,
383 993 429 1039 ne
445 992 465 1038 a
480 964 714 1039 redeuntibus
728 964 951 1038 foedarcntur
964 966 1127 1063 paganis,
1140 963 1185 1037 de
1200 965 1256 1036 Si·

191 1080 272 1153 cilia
291 1081 644 1182 Constantinopolim
666 1098 871 1157 reverenter
895 1080 1091 1153 transtulit.
1122 1083 1257 1154 Succe-

191 1196 300 1273 dente
315 1199 367 1271 illi
381 1199 557 1301 Diogene,
572 1198 775 1272 Osmundus
788 1201 951 1297 Drengot
968 1214 1005 1272 et
1020 1197 1160 1298 Drogo,
1181 1198 1258 1270 alii-

191 1340 264 1415 quc
293 1315 493 1389 Normanni
526 1330 718 1415 coeperunt
747 1315 913 1413 Apuliam
944 1314 1121 1403 incolere,
1151 1330 1186 1389 et
1219 1316 1257 1387 in

191 1430 376 1530 Agerenos
392 1433 449 1505 v‘el
470 1430 845 1532 pseudo-Christianos
865 1459 960 1504 arma
981 1432 1135 1504 viriliter
1152 1458 1259 1505 exer-

193 1549 459 1649 cereDenique
470 1549 674 1625 Rodbertus
684 1565 925 1650 cognomento
937 1548 1165 1637 Guiscardus,
1177 1565 1258 1648 post

194 1666 308 1741 multa
320 1666 500 1741 bellorum
515 1668 738 1756 discrimina,
751 1669 850 1766 prius
861 1665 906 1738 ab
920 1665 1106 1740 Harduino
1119 1670 1260 1766 Lango-

192 1780 308 1858 bardo
334 1799 371 1856 et
391 1784 534 1858 Melone
557 1800 688 1884 nepote
716 1787 812 1883 ejus,
842 1784 1072 1882 postmodum
1097 1812 1116 1856 a
1139 1787 1260 1858 Leone

192 1925 285 1999 papa
304 1899 403 1974 dono
423 1902 558 2000 recepit
579 1901 745 2001 Apuliam
766 1916 890 1974 contra
909 1900 1126 1973 adversarios
1147 1903 1260 1974 sancti

194 2015 314 2106 Petri,
332 2019 541 2116 perenniter
557 2044 635 2091 eam
656 2016 880 2092 defensurus.
907 2016 1023 2109 Quam
1048 2017 1120 2116 ipse
1137 2033 1260 2117 postea

189 2134 339 2230 juvante
357 2130 432 2205 Deo
452 2131 598 2206 sortiter
622 2132 758 2220 tenuit,
783 2147 820 2204 et
841 2129 929 2204 fines
952 2131 1099 2205 ditionis
1123 2158 1196 2204 suae
1222 2139 1261 2203 in

194 2246 354 2321 Siciliam
369 2275 480 2348 usque
499 2265 534 2322 et
554 2247 766 2336 Calabriam,
784 2248 1059 2350 Bulgariamque
1077 2247 1240 2321 dilatavit
1246 2304 1258 2338 ,

197 2362 390 2463 liberisque
411 2364 482 2435 suis
503 2363 730 2436 baereditario
748 2367 830 2463 jure
852 2354 1015 2435 dimisit.

244 2478 287 2550 ln
304 2476 526 2551 Normannia
544 2478 598 2550 his
613 2476 835 2577 temporibus
853 2478 966 2551 multa
983 2478 1075 2550 mala
1093 2481 1260 2580 nequiter

192 2608 332 2694 patrata
349 2609 446 2667 sunt.
462 2595 643 2668 Alannum
660 2597 758 2668 enim
773 2596 943 2669 comitem
959 2595 1173 2686 Britonum,
1189 2598 1260 2668 sui-

193 2736 267 2813 qne
281 2709 381 2783 ducis
399 2726 575 2800 tutorem,
605 2712 806 2786 Normanni
830 2738 969 2786 veneno
990 2739 1196 2810 peremere,
1224 2728 1261 2787 ct

194 2854 432 2903 successorem
469 2833 543 2928 ejus
572 2824 815 2903 Gislebertum
844 2829 1035 2917 comitem,
1072 2829 1259 2903 Godefridi

195 2947 327 3035 lilium,
340 2945 541 3019 crudelibus
551 2948 658 3018 armis
670 2961 955 3046 prostraverunt,
972 2973 1115 3045 seseque
1125 2947 1260 3018 mutuis

197 3059 452 3136 certaminibus
466 3089 556 3160 pene
572 3063 734 3163 quotidie
749 3061 1009 3135 incredibiliter
1025 3080 1258 3136 necaverunt.

197 3182 303 3252 Tunc
327 3176 570 3252 Turchetillus
586 3179 630 3252 de
651 3179 936 3253 Novo-Mercato
958 3195 994 3251 et
1018 3180 1193 3277 Rogerius
1216 3178 1260 3253 de

198 3298 335 3372 Toenia
360 3313 396 3371 et
416 3295 597 3370 Osbcrnus
617 3296 755 3397 dapifer
779 3297 1013 3370 Normanniae
1033 3311 1069 3369 et
1097 3296 1169 3371 duo
1194 3297 1258 3370 filii

199 3412 343 3513 Rogerii
374 3409 418 3484 de
445 3410 773 3485 Monte-Gomerici
798 3443 806 3483 ι
833 3410 1046 3483 Guillelmus
1070 3425 1107 3481 et
1133 3412 1257 3510 Hugo,

199 3687 283 3763 querc
291 3685 329 3740 de
341 3684 367 3739 la
377 3682 460 3739 sicile
472 3683 515 3738 sut
524 3685 698 3738 commences
708 3703 744 3738 en
760 3682 821 3738 1061
834 3702 884 3757 par
895 3683 999 3756 Roga,
1010 3684 1084 3741 frere
1097 3684 1133 3740 de
1142 3685 1257 3756 Robert‚

197 3787 226 3833 et
236 3776 274 3831 de
282 3783 395 3830 concert
403 3792 465 3828 arec
474 3773 527 3840 lui,
541 3785 570 3829 et
582 3775 715 3828 termines
725 3792 775 3847 par
785 3774 810 3828 la
820 3775 894 3846 prise
903 3773 937 3828 de
946 3773 1071 3830 Palerme
1083 3793 1131 3830 sur
1142 3776 1182 3831 les
1194 3776 1258 3831 sar.

198 3864 285 3919 mim
295 3880 330 3916 en
342 3878 416 3937 ¹⁰7²·
429 3861 580 3917 L’invasion
593 3862 628 3917 de
639 3849 741 3935 l’b'pire
750 3872 798 3916 cut
807 3861 863 3916 lieu
876 3880 911 3917 eu
927 3863 1003 3931 1081,
1015 3874 1044 3919 et
1056 3863 1149 3919 duruit
1159 3883 1259 3921 encore

196 3951 310 4025 bri-aque
322 3949 429 4005 Robert
446 3961 559 4005 mourut
572 3951 640 4005 dans
653 3950 706 4005 l’lle
723 3950 957 4023 deceptarum,
975 3952 1001 4008 le
1017 3973 1047 4028 ¹7
1065 3953 1158 4026 juillet
1178 3954 1258 4022 1085,

196 4038 311 4095 hiscant
323 4042 338 4093 a
350 4056 399 4094 son
416 4039 457 4095 fils
469 4041 530 4094 alne
542 4041 682 4095 Boemond
699 4041 724 4095 la
740 4041 914 4113 principante
931 4043 966 4097 de
981 4045 1115 4111 Tarento,
1133 4056 1161 4099 et
1177 4049 1190 4098 ὲ
1210 4064 1258 4099 son

196 4126 300 4183 second
311 4126 353 4182 fils
365 4126 457 4201 Roger
467 4129 492 4183 lc
505 4128 596 4184 ducite
609 4129 643 4186 de
656 4129 763 4185 Pcuille
776 4140 804 4184 et
817 4130 852 4185 dc
864 4131 987 4187 Calabro.

275 4242 317 4291 ¹¹·
703 4291 705 4295 ,
1069 4231 1115 4317 24
