2910 4980
190 379 251 440 264
466 377 648 438 HISTORIA
670 376 975 438 Eccttsltstlcs.
1150 378 1257 457 [1074]

191 497 361 597 Anglicus
378 496 520 570 auferre
536 520 611 570 non
629 497 761 595 potuit.
781 495 835 566 lbi
851 493 995 569 Gunder
1008 495 1064 593 (ι)
1081 510 1119 569 et
1131 496 1257 570 Mons-

192 616 296 689 fortis
331 615 467 714 optima
499 613 638 687 castella
676 616 751 711 ejus
777 610 908 685 ditioni
936 609 1141 709 subjacent,
1174 638 1256 713 quoe

192 730 296 804 liberi
311 736 385 829 ejus
397 728 623 804 haereditario
632 734 714 828 jure
727 754 839 828 nsque
853 726 958 801 bodie
968 726 1166 827 possident.
1180 730 1257 827 lpse

191 865 312 920 autem
325 863 408 946 post
427 847 562 921 multos
582 872 697 919 annos
717 860 878 944 tempore
893 842 1033 919 Urbani
1052 871 1154 944 papae
1170 870 1257 917 cru·

96 1017 97 1021 ,
192 990 270 1036 cem
288 965 432 1037 Domini
446 965 619 1062 suscepit,
638 980 773 1036 etcum
790 961 976 1037 Rodbe1·to
989 963 1147 1038 secundo
1164 962 1259 1037 Nor·

191 1107 409 1154 mancorum
421 1079 511 1153 duce
526 1096 653 1153 contra
666 1079 805 1153 ancos
821 1078 1015 1153 Jerusalem
1028 1078 1203 1177 perrexit,
1221 1092 1257 1152 et

194 1199 230 1269 in
258 1199 313 1268 via
339 1197 405 1269 Dei
434 1197 618 1295 poenitens
643 1211 678 1267 et
707 1195 916 1295 peregrinus
939 1220 1022 1265 cnm
1050 1218 1165 1268 uxore
1195 1219 1256 1266 sua

193 1314 298 1389 obiit.

241 1433 414 1531 Rogerius
439 1458 523 1505 vero
546 1431 591 1505 de
614 1429 767 1504 Britolio
795 1454 913 1502 comes
938 1426 1189 1503 Herfmdensis
1213 1427 1258 1500 ad

193 1549 330 1620 curiam
354 1548 446 1646 regis
467 1562 612 1618 vocatus
630 1547 748 1634 venit,
771 1561 807 1618 et
826 1546 1017 1645 inquisitus
1032 1543 1259 1617 manifestam

193 1665 261 1737 toti
290 1662 427 1734 mundo
455 1661 699 1759 proditionem
727 1688 856 1761 negare
883 1686 958 1734 non
983 1661 1117 1761 potuit.
1145 1661 1260 1761 lgitur

194 1780 391 1850 secundum
400 1778 493 1876 leges
504 1776 800 1850 Normannorum
806 1775 985 1875 judicatus
995 1792 1065 1865 est,
1075 1791 1119 1849 'et
1134 1777 1259 1848 amissa

194 1898 294 1968 omni
323 1893 530 1968 haereditate
560 1909 700 1966 terrena
730 1895 766 1965 in
799 1920 939 1967 carcere
963 1895 1056 1992 regis
1083 1908 1259 1992 perpetuo

194 2013 381 2085 damnatus
405 2027 469 2085 est.
498 2010 551 2084 lbi
578 2013 687 2084 etiam
709 2014 783 2112 regi
808 2011 990 2084 multoties
1013 2012 1182 2112 nequiter
1197 2010 1260 2085 de·

196 2131 324 2216 traxit,
355 2145 391 2202 et
417 2126 689 2203 contumacibus
716 2129 803 2200 actis
834 2127 1106 2225 implacabiliter
1140 2150 1259 2226 regem

195 2243 358 2317 offendit.
396 2241 488 2314 Nam
522 2242 705 2342 quondam
739 2242 824 2314 dum
858 2241 959 2341 plebs
996 2241 1060 2314 Dei
1094 2239 1260 2314 Paschale

195 2359 326 2433 festum
344 2384 502 2458 congrue
519 2356 736 2449 celebraret,
754 2373 790 2430 et
810 2386 869 2431 rex
888 2373 1068 2430 structum
1079 2357 1259 2457 pretiosa·

195 2503 278 2549 rum
297 2476 447 2549 vestium
465 2477 619 2575 Rogerio
636 2476 759 2547 comiti
784 2502 849 2574 per
866 2475 1013 2548 idoneos
1034 2474 1205 2548 satellites
1221 2474 1258 2547 in

196 2593 373 2696 ergastulo
386 2593 565 2678 mitteret,
589 2592 648 2665 ille
666 2619 792 2693 pyram
814 2595 997 2692 ingentem
1010 2606 1093 2665 ante
1105 2618 1142 2665 se
1155 2592 1260 2690 jussit

195 2710 408 2810 praeparari,
428 2725 463 2781 et
481 2707 614 2781 ibidem
633 2709 761 2808 regalia
780 2725 1004 2796 ornamenta,
1019 2708 1258 2810 chlamydem,

195 2828 414 2923 sericamque
444 2823 655 2909 interulam,
687 2839 723 2896 ct
745 2850 921 2898 renonem
940 2825 997 2922 (2)
1022 2824 1067 2898 de
1094 2825 1261 2923 pretiosis

196 2939 349 3041 pellibus
361 2940 636 3038 peregrinorum
648 2941 808 3013 murium
824 2940 944 3014 subito
956 2939 1137 3014 comburi.
1156 2938 1261 3034 Quod

195 3059 341 3159 audiens
356 3085 440 3150 rex,
458 3059 568 3130 iratus
586 3056 677 3130 dixit
701 3090 710 3128 ε
735 3059 895 3131 Multum
911 3050 1176 3162 superbus‘est,
1200 3060 1262 3160 qui

195 3174 365 3249 dormibi
376 3173 650 3269 dedecusfecit,
670 3176 736 3247 sed
741 3201 811 3275 per
821 3175 1047 3275 splendorem
1057 3175 1132 3248 Dei
1141 3175 1201 3274 (ὅ)
1216 3174 1262 3247 de

197 3317 340 3364 carcere
361 3316 438 3361 meo
458 3291 496 3360 in
517 3294 617 3360 omrai
637 3292 714 3361 vita
737 3315 818 3361 mea
839 3316 912 3362 non
930 3291 1055 3362 exibit.
1076 3289 1260 3362 Sententia

197 3409 289 3508 regis
304 3424 375 3478 tam
389 3405 458 3479 fixa
472 3408 687 3505 permansit,
703 3406 801 3506 quod
813 3432 878 3479 nec
891 3409 997 3480 etiam
1008 3421 1261 3506 postmortem

196 3527 288 3624 regis
308 3525 380 3623 ipsc
396 3524 464 3594 nisi
480 3539 645 3597 mortuus
665 3523 709 3597 de
725 3524 877 3596 vinculis
893 3525 993 3597 exiit.
1015 3523 1209 3596 Rainaldus
1225 3538 1260 3596 et

196 3644 370 3740 Rogcrius
394 3640 458 3711 lilii
477 3644 550 3737 ejus
570 3641 697 3738 optimi
720 3642 855 3713 tirones
873 3641 1029 3713 Henrico
1044 3641 1119 3740 regi
1137 3641 1259 3713 famn-

231 3875 269 3941 (ι)
287 3870 357 3925 Gaul
371 3880 400 3924 ct
413 3870 691 3925 Moutlort·la-Canne
706 3871 958 3941 (Ille-et-Vilainc).

232 3960 270 4027 (2)
289 3959 366 4011 lieno
379 3976 416 4011 ou
429 3957 527 4011 Rheno
544 3960 610 4013 e'tait
621 3977 659 4011 un
669 3958 807 4013 velamant
820 3959 869 4012 tait
880 3958 915 4012 de
930 3975 1032 4031 pcaux,
1047 3977 1102 4013 unc
1115 3960 1213 4031 cspdcc
1225 3958 1260 4013 de

199 4044 310 4116 petisse,
322 4045 444 4100 destinee
457 4049 471 4099 a
483 4046 593 4099 couvrir
604 4045 629 4099 la
641 4048 729 4118 partic
741 4047 901 4119 supericurc
916 4045 954 4100 du
967 4064 1054 4118 corps.

233 4131 271 4199 (3)
290 4133 418 4187 Formulc
432 4133 466 4187 dc
479 4144 599 4188 serment
613 4133 762 4189 babituellc
775 4137 789 4188 a
801 4152 831 4188 cc
845 4134 949 4207 prince.
