<?xml version="1.0" encoding="UTF-8"?>
<!DOCTYPE html PUBLIC "-//W3C//DTD XHTML 1.0 Transitional//EN"
    "http://www.w3.org/TR/xhtml1/DTD/xhtml1-transitional.dtd">
<html xmlns="http://www.w3.org/1999/xhtml" xml:lang="en" lang="en">
 <head>
  <title>
</title>
<meta http-equiv="Content-Type" content="text/html;charset=utf-8" />
  <meta name='ocr-system' content='tesseract 3.04.00' />
  <meta name='ocr-capabilities' content='ocr_page ocr_carea ocr_par ocr_line ocrx_word'/>
</head>
<body>
  <div class='ocr_page' id='page_1' title='image "./ordericivitalis01deligoog/ordericivitalis01deligoog_0142.png"; bbox 0 0 2910 4980; ppageno 0'>
   <div class='ocr_carea' id='block_1_1' title="bbox 190 428 1258 511">
    <p class='ocr_par' dir='ltr' id='par_1_1' title="bbox 190 428 1258 511">
     <span class='ocr_line' id='line_1_1' title="bbox 190 428 1258 511; baseline 0.004 -18"><span class='ocrx_word' id='word_1_1' title='bbox 190 430 397 511; x_wconf 73' lang='lat' dir='ltr'><strong>[loto-1089]</strong></span> <span class='ocrx_word' id='word_1_2' title='bbox 563 428 678 491; x_wconf 82' lang='lat' dir='ltr'>LIBER</span> <span class='ocrx_word' id='word_1_3' title='bbox 699 428 877 491; x_wconf 83' lang='lat' dir='ltr'>TERTIUS.</span> <span class='ocrx_word' id='word_1_4' title='bbox 1200 439 1258 498; x_wconf 74' lang='lat' dir='ltr'><strong>lae</strong></span> 
     </span>
    </p>
   </div>
   <div class='ocr_carea' id='block_1_2' title="bbox 184 548 1312 3808">
    <p class='ocr_par' dir='ltr' id='par_1_2' title="bbox 189 548 1272 3200">
     <span class='ocr_line' id='line_1_2' title="bbox 189 548 1259 652; baseline 0.003 -24"><span class='ocrx_word' id='word_1_5' title='bbox 189 553 297 628; x_wconf 75' lang='lat' dir='ltr'><strong>nonio</strong></span> <span class='ocrx_word' id='word_1_6' title='bbox 320 548 440 623; x_wconf 91' lang='lat' dir='ltr'><strong>abbati</strong></span> <span class='ocrx_word' id='word_1_7' title='bbox 470 573 557 622; x_wconf 76' lang='lat' dir='ltr'><strong>xciv</strong></span> <span class='ocrx_word' id='word_1_8' title='bbox 582 548 691 623; x_wconf 83' lang='lat' dir='ltr'><strong>libras</strong></span> <span class='ocrx_word' id='word_1_9' title='bbox 721 548 882 652; x_wconf 81' lang='lat' dir='ltr'><strong>Anglioae</strong></span> <span class='ocrx_word' id='word_1_10' title='bbox 915 568 1073 627; x_wconf 85' lang='lat' dir='ltr'><strong>monetae</strong></span> <span class='ocrx_word' id='word_1_11' title='bbox 1104 571 1141 628; x_wconf 87' lang='lat' dir='ltr'><strong>ct</strong></span> <span class='ocrx_word' id='word_1_12' title='bbox 1168 555 1259 631; x_wconf 88' lang='lat' dir='ltr'><strong>duos</strong></span> 
     </span>
     <span class='ocr_line' id='line_1_3' title="bbox 190 669 1261 774; baseline 0.003 -30"><span class='ocrx_word' id='word_1_13' title='bbox 190 671 270 744; x_wconf 83' lang='lat' dir='ltr'><strong>auri</strong></span> <span class='ocrx_word' id='word_1_14' title='bbox 295 694 436 743; x_wconf 88' lang='lat' dir='ltr'><strong>marcos</strong></span> <span class='ocrx_word' id='word_1_15' title='bbox 461 669 638 768; x_wconf 77' lang='lat' dir='ltr'><strong>erogarit,</strong></span> <span class='ocrx_word' id='word_1_16' title='bbox 658 685 695 742; x_wconf 91' lang='lat' dir='ltr'><strong>et</strong></span> <span class='ocrx_word' id='word_1_17' title='bbox 717 670 949 768; x_wconf 88' lang='lat' dir='ltr'><strong>postmodum</strong></span> <span class='ocrx_word' id='word_1_18' title='bbox 967 671 1011 746; x_wconf 91' lang='lat' dir='ltr'><strong>de</strong></span> <span class='ocrx_word' id='word_1_19' title='bbox 1038 671 1161 746; x_wconf 89' lang='lat' dir='ltr'><strong>Cantia</strong></span> <span class='ocrx_word' id='word_1_20' title='bbox 1196 699 1261 774; x_wconf 87' lang='lat' dir='ltr'><strong>per</strong></span> 
     </span>
     <span class='ocr_line' id='line_1_4' title="bbox 190 782 1263 888; baseline 0.002 -27"><span class='ocrx_word' id='word_1_21' title='bbox 190 786 370 861; x_wconf 74' lang='lat' dir='ltr'><strong>domnm</strong></span> <span class='ocrx_word' id='word_1_22' title='bbox 386 784 583 884; x_wconf 81' lang='lat' dir='ltr'><strong>Rogerium</strong></span> <span class='ocrx_word' id='word_1_23' title='bbox 591 782 634 856; x_wconf 94' lang='lat' dir='ltr'><strong>de</strong></span> <span class='ocrx_word' id='word_1_24' title='bbox 647 785 785 884; x_wconf 89' lang='lat' dir='ltr'><strong>Sappo,</strong></span> <span class='ocrx_word' id='word_1_25' title='bbox 804 787 867 886; x_wconf 91' lang='lat' dir='ltr'><strong>qui</strong></span> <span class='ocrx_word' id='word_1_26' title='bbox 877 785 946 859; x_wconf 92' lang='lat' dir='ltr'><strong>sibi</strong></span> <span class='ocrx_word' id='word_1_27' title='bbox 956 814 1024 888; x_wconf 87' lang='lat' dir='ltr'><strong>pro</strong></span> <span class='ocrx_word' id='word_1_28' title='bbox 1040 790 1187 863; x_wconf 91' lang='lat' dir='ltr'><strong>scientia</strong></span> <span class='ocrx_word' id='word_1_29' title='bbox 1205 791 1263 863; x_wconf 93' lang='lat' dir='ltr'><strong>lit-</strong></span> 
     </span>
     <span class='ocr_line' id='line_1_5' title="bbox 191 902 1263 990; baseline 0 -10"><span class='ocrx_word' id='word_1_30' title='bbox 191 920 353 980; x_wconf 81' lang='lat' dir='ltr'><strong>terarum</strong></span> <span class='ocrx_word' id='word_1_31' title='bbox 370 917 479 976; x_wconf 92' lang='lat' dir='ltr'><strong>notus</strong></span> <span class='ocrx_word' id='word_1_32' title='bbox 496 917 533 975; x_wconf 92' lang='lat' dir='ltr'><strong>et</strong></span> <span class='ocrx_word' id='word_1_33' title='bbox 547 902 681 974; x_wconf 90' lang='lat' dir='ltr'><strong>amicus</strong></span> <span class='ocrx_word' id='word_1_34' title='bbox 694 918 789 990; x_wconf 86' lang='lat' dir='ltr'><strong>erat,</strong></span> <span class='ocrx_word' id='word_1_35' title='bbox 816 929 863 975; x_wconf 78' lang='lat' dir='ltr'><strong>xa</strong></span> <span class='ocrx_word' id='word_1_36' title='bbox 889 904 997 976; x_wconf 83' lang='lat' dir='ltr'><strong>libras</strong></span> <span class='ocrx_word' id='word_1_37' title='bbox 1021 906 1263 980; x_wconf 82' lang='lat' dir='ltr'><strong>sterilensium</strong></span> 
     </span>
     <span class='ocr_line' id='line_1_6' title="bbox 190 1018 1263 1120; baseline -0.001 -23"><span class='ocrx_word' id='word_1_38' title='bbox 190 1023 305 1097; x_wconf 87' lang='lat' dir='ltr'><strong>misit.</strong></span> <span class='ocrx_word' id='word_1_39' title='bbox 334 1022 397 1093; x_wconf 87' lang='lat' dir='ltr'><strong>His</strong></span> <span class='ocrx_word' id='word_1_40' title='bbox 426 1020 536 1120; x_wconf 81' lang='lat' dir='ltr'><strong>igitur</strong></span> <span class='ocrx_word' id='word_1_41' title='bbox 557 1018 647 1092; x_wconf 88' lang='lat' dir='ltr'><strong>datis</strong></span> <span class='ocrx_word' id='word_1_42' title='bbox 673 1019 831 1095; x_wconf 88' lang='lat' dir='ltr'><strong>ecclesiae</strong></span> <span class='ocrx_word' id='word_1_43' title='bbox 862 1023 972 1095; x_wconf 85' lang='lat' dir='ltr'><strong>turris</strong></span> <span class='ocrx_word' id='word_1_44' title='bbox 996 1040 1111 1097; x_wconf 88' lang='lat' dir='ltr'><strong>erecta</strong></span> <span class='ocrx_word' id='word_1_45' title='bbox 1130 1039 1201 1111; x_wconf 89' lang='lat' dir='ltr'><strong>est,</strong></span> <span class='ocrx_word' id='word_1_46' title='bbox 1227 1040 1263 1100; x_wconf 86' lang='lat' dir='ltr'><strong>et</strong></span> 
     </span>
     <span class='ocr_line' id='line_1_7' title="bbox 191 1134 1265 1214; baseline -0.002 0"><span class='ocrx_word' id='word_1_47' title='bbox 191 1134 397 1214; x_wconf 85' lang='lat' dir='ltr'><strong>monachile</strong></span> <span class='ocrx_word' id='word_1_48' title='bbox 428 1134 685 1209; x_wconf 87' lang='lat' dir='ltr'><strong>dormitorium</strong></span> <span class='ocrx_word' id='word_1_49' title='bbox 714 1152 964 1210; x_wconf 87' lang='lat' dir='ltr'><strong>constructum</strong></span> <span class='ocrx_word' id='word_1_50' title='bbox 988 1153 1053 1211; x_wconf 83' lang='lat' dir='ltr'><strong>est.</strong></span> <span class='ocrx_word' id='word_1_51' title='bbox 1080 1139 1265 1212; x_wconf 84' lang='lat' dir='ltr'><strong>Mathildis</strong></span> 
     </span>
     <span class='ocr_line' id='line_1_8' title="bbox 192 1252 1264 1353; baseline -0.001 -24"><span class='ocrx_word' id='word_1_52' title='bbox 192 1279 282 1329; x_wconf 77' lang='lat' dir='ltr'><strong>vcro</strong></span> <span class='ocrx_word' id='word_1_53' title='bbox 309 1252 430 1352; x_wconf 84' lang='lat' dir='ltr'><strong>regina</strong></span> <span class='ocrx_word' id='word_1_54' title='bbox 461 1253 656 1350; x_wconf 85' lang='lat' dir='ltr'><strong>preciosam</strong></span> <span class='ocrx_word' id='word_1_55' title='bbox 686 1252 839 1325; x_wconf 85' lang='lat' dir='ltr'><strong>infulam</strong></span> <span class='ocrx_word' id='word_1_56' title='bbox 866 1252 984 1342; x_wconf 87' lang='lat' dir='ltr'><strong>dedit,</strong></span> <span class='ocrx_word' id='word_1_57' title='bbox 1004 1268 1041 1328; x_wconf 89' lang='lat' dir='ltr'><strong>et</strong></span> <span class='ocrx_word' id='word_1_58' title='bbox 1058 1281 1206 1353; x_wconf 90' lang='lat' dir='ltr'><strong>cappam</strong></span> <span class='ocrx_word' id='word_1_59' title='bbox 1220 1255 1264 1328; x_wconf 91' lang='lat' dir='ltr'><strong>ad</strong></span> 
     </span>
     <span class='ocr_line' id='line_1_9' title="bbox 192 1367 1265 1458; baseline -0.001 -12"><span class='ocrx_word' id='word_1_60' title='bbox 192 1372 258 1446; x_wconf 81' lang='lat' dir='ltr'><strong>llei</strong></span> <span class='ocrx_word' id='word_1_61' title='bbox 291 1370 498 1458; x_wconf 84' lang='lat' dir='ltr'><strong>servitium,</strong></span> <span class='ocrx_word' id='word_1_62' title='bbox 536 1385 573 1442; x_wconf 90' lang='lat' dir='ltr'><strong>et</strong></span> <span class='ocrx_word' id='word_1_63' title='bbox 598 1385 744 1443; x_wconf 90' lang='lat' dir='ltr'><strong>centum</strong></span> <span class='ocrx_word' id='word_1_64' title='bbox 771 1367 879 1442; x_wconf 91' lang='lat' dir='ltr'><strong>libras</strong></span> <span class='ocrx_word' id='word_1_65' title='bbox 911 1369 1195 1445; x_wconf 88' lang='lat' dir='ltr'><strong>Rodomensium</strong></span> <span class='ocrx_word' id='word_1_66' title='bbox 1220 1373 1265 1445; x_wconf 87' lang='lat' dir='ltr'><strong>ad</strong></span> 
     </span>
     <span class='ocr_line' id='line_1_10' title="bbox 194 1486 1263 1590; baseline 0.001 -29"><span class='ocrx_word' id='word_1_67' title='bbox 194 1487 373 1590; x_wconf 54' lang='lat' dir='ltr'><strong>qondam</strong></span> <span class='ocrx_word' id='word_1_68' title='bbox 402 1487 593 1561; x_wconf 86' lang='lat' dir='ltr'><strong>tricorium</strong></span> <span class='ocrx_word' id='word_1_69' title='bbox 623 1486 692 1585; x_wconf 83' lang='lat'><em>(1).</em></span> <span class='ocrx_word' id='word_1_70' title='bbox 718 1486 931 1560; x_wconf 87' lang='lat' dir='ltr'><strong>Willermus</strong></span> <span class='ocrx_word' id='word_1_71' title='bbox 953 1505 1072 1562; x_wconf 92' lang='lat' dir='ltr'><strong>autem</strong></span> <span class='ocrx_word' id='word_1_72' title='bbox 1096 1488 1141 1563; x_wconf 94' lang='lat' dir='ltr'><strong>de</strong></span> <span class='ocrx_word' id='word_1_73' title='bbox 1171 1490 1263 1582; x_wconf 88' lang='lat' dir='ltr'>Ros,</span> 
     </span>
     <span class='ocr_line' id='line_1_11' title="bbox 193 1602 1264 1705; baseline -0.001 -26"><span class='ocrx_word' id='word_1_74' title='bbox 193 1606 398 1679; x_wconf 72' lang='lat' dir='ltr'><strong>baiocensis</strong></span> <span class='ocrx_word' id='word_1_75' title='bbox 412 1603 561 1677; x_wconf 89' lang='lat' dir='ltr'><strong>clericus</strong></span> <span class='ocrx_word' id='word_1_76' title='bbox 576 1605 592 1702; x_wconf 95' lang='lat'>(</span> <span class='ocrx_word' id='word_1_77' title='bbox 600 1603 661 1703; x_wconf 90' lang='lat' dir='ltr'><strong>qui</strong></span> <span class='ocrx_word' id='word_1_78' title='bbox 682 1604 719 1675; x_wconf 93' lang='lat' dir='ltr'><strong>in</strong></span> <span class='ocrx_word' id='word_1_79' title='bbox 738 1602 859 1677; x_wconf 90' lang='lat' dir='ltr'><strong>eadem</strong></span> <span class='ocrx_word' id='word_1_80' title='bbox 874 1605 1019 1678; x_wconf 88' lang='lat' dir='ltr'><strong>ecclesia</strong></span> <span class='ocrx_word' id='word_1_81' title='bbox 1036 1605 1172 1705; x_wconf 89' lang='lat' dir='ltr'><strong>triplici</strong></span> <span class='ocrx_word' id='word_1_82' title='bbox 1188 1623 1264 1681; x_wconf 90' lang='lat' dir='ltr'><strong>erat</strong></span> 
     </span>
     <span class='ocr_line' id='line_1_12' title="bbox 194 1717 1265 1819; baseline 0.002 -25"><span class='ocrx_word' id='word_1_83' title='bbox 194 1719 337 1796; x_wconf 85' lang='lat' dir='ltr'><strong>bonore</strong></span> <span class='ocrx_word' id='word_1_84' title='bbox 365 1717 565 1819; x_wconf 86' lang='lat' dir='ltr'><strong>praeditus:</strong></span> <span class='ocrx_word' id='word_1_85' title='bbox 595 1734 672 1792; x_wconf 85' lang='lat' dir='ltr'><strong>erat</strong></span> <span class='ocrx_word' id='word_1_86' title='bbox 703 1719 801 1791; x_wconf 92' lang='lat' dir='ltr'><strong>enim</strong></span> <span class='ocrx_word' id='word_1_87' title='bbox 831 1736 959 1795; x_wconf 86' lang='lat' dir='ltr'><strong>cantor</strong></span> <span class='ocrx_word' id='word_1_88' title='bbox 983 1736 1020 1793; x_wconf 89' lang='lat' dir='ltr'><strong>et</strong></span> <span class='ocrx_word' id='word_1_89' title='bbox 1048 1719 1202 1795; x_wconf 90' lang='lat' dir='ltr'><strong>decanus</strong></span> <span class='ocrx_word' id='word_1_90' title='bbox 1227 1739 1265 1796; x_wconf 89' lang='lat' dir='ltr'><strong>et</strong></span> 
     </span>
     <span class='ocr_line' id='line_1_13' title="bbox 195 1835 1264 1936; baseline -0.001 -24"><span class='ocrx_word' id='word_1_91' title='bbox 195 1837 484 1934; x_wconf 76' lang='lat' dir='ltr'><strong>archidiaconus)</strong></span> <span class='ocrx_word' id='word_1_92' title='bbox 494 1838 562 1936; x_wconf 88' lang='lat'>(2),</span> <span class='ocrx_word' id='word_1_93' title='bbox 576 1861 622 1908; x_wconf 78' lang='lat' dir='ltr'><strong>xa</strong></span> <span class='ocrx_word' id='word_1_94' title='bbox 634 1835 743 1908; x_wconf 87' lang='lat' dir='ltr'><strong>libras</strong></span> <span class='ocrx_word' id='word_1_95' title='bbox 760 1837 1002 1912; x_wconf 89' lang='lat' dir='ltr'><strong>sterilensium</strong></span> <span class='ocrx_word' id='word_1_96' title='bbox 1010 1837 1264 1913; x_wconf 90' lang='lat' dir='ltr'><strong>deditUticen-</strong></span> 
     </span>
     <span class='ocr_line' id='line_1_14' title="bbox 198 1954 1264 2055; baseline 0.001 -25"><span class='ocrx_word' id='word_1_97' title='bbox 198 1954 308 2030; x_wconf 81' lang='lat' dir='ltr'><strong>sibus.</strong></span> <span class='ocrx_word' id='word_1_98' title='bbox 329 1955 399 2049; x_wconf 88' lang='lat' dir='ltr'><strong>Qui</strong></span> <span class='ocrx_word' id='word_1_99' title='bbox 418 1979 495 2028; x_wconf 93' lang='lat' dir='ltr'><strong>non</strong></span> <span class='ocrx_word' id='word_1_100' title='bbox 511 1954 629 2028; x_wconf 88' lang='lat' dir='ltr'><strong>multo</strong></span> <span class='ocrx_word' id='word_1_101' title='bbox 650 1971 732 2053; x_wconf 90' lang='lat' dir='ltr'><strong>post</strong></span> <span class='ocrx_word' id='word_1_102' title='bbox 748 1955 868 2026; x_wconf 87' lang='lat' dir='ltr'><strong>saeculi</strong></span> <span class='ocrx_word' id='word_1_103' title='bbox 887 1982 1036 2055; x_wconf 87' lang='lat' dir='ltr'><strong>pompas</strong></span> <span class='ocrx_word' id='word_1_104' title='bbox 1056 1974 1186 2054; x_wconf 90' lang='lat' dir='ltr'><strong>sponte</strong></span> <span class='ocrx_word' id='word_1_105' title='bbox 1203 1983 1264 2031; x_wconf 91' lang='lat' dir='ltr'><strong>re-</strong></span> 
     </span>
     <span class='ocr_line' id='line_1_15' title="bbox 198 2069 1264 2175; baseline 0.001 -28"><span class='ocrx_word' id='word_1_106' title='bbox 198 2073 367 2175; x_wconf 87' lang='lat' dir='ltr'><strong>linquens</strong></span> <span class='ocrx_word' id='word_1_107' title='bbox 392 2071 620 2145; x_wconf 74' lang='lat' dir='ltr'><strong>cadomensis</strong></span> <span class='ocrx_word' id='word_1_108' title='bbox 645 2070 842 2144; x_wconf 87' lang='lat' dir='ltr'><strong>monachus</strong></span> <span class='ocrx_word' id='word_1_109' title='bbox 867 2069 980 2143; x_wconf 83' lang='lat' dir='ltr'><strong>lactus</strong></span> <span class='ocrx_word' id='word_1_110' title='bbox 1002 2087 1074 2162; x_wconf 88' lang='lat' dir='ltr'><strong>est,</strong></span> <span class='ocrx_word' id='word_1_111' title='bbox 1104 2087 1140 2146; x_wconf 92' lang='lat' dir='ltr'><strong>et</strong></span> <span class='ocrx_word' id='word_1_112' title='bbox 1161 2071 1264 2163; x_wconf 89' lang='lat' dir='ltr'><strong>inde,</strong></span> 
     </span>
     <span class='ocr_line' id='line_1_16' title="bbox 197 2184 1267 2290; baseline 0.001 -29"><span class='ocrx_word' id='word_1_113' title='bbox 197 2189 409 2290; x_wconf 83' lang='lat' dir='ltr'><strong>priusquam</strong></span> <span class='ocrx_word' id='word_1_114' title='bbox 423 2214 539 2260; x_wconf 91' lang='lat' dir='ltr'><strong>unum</strong></span> <span class='ocrx_word' id='word_1_115' title='bbox 557 2213 694 2259; x_wconf 90' lang='lat' dir='ltr'><strong>annum</strong></span> <span class='ocrx_word' id='word_1_116' title='bbox 711 2186 749 2258; x_wconf 91' lang='lat' dir='ltr'><strong>in</strong></span> <span class='ocrx_word' id='word_1_117' title='bbox 765 2184 983 2260; x_wconf 88' lang='lat' dir='ltr'><strong>monachatu</strong></span> <span class='ocrx_word' id='word_1_118' title='bbox 999 2186 1205 2286; x_wconf 86' lang='lat' dir='ltr'><strong>perficeret,</strong></span> <span class='ocrx_word' id='word_1_119' title='bbox 1223 2189 1267 2262; x_wconf 90' lang='lat' dir='ltr'><strong>ad</strong></span> 
     </span>
     <span class='ocr_line' id='line_1_17' title="bbox 198 2303 1267 2404; baseline 0 -23"><span class='ocrx_word' id='word_1_120' title='bbox 198 2306 445 2381; x_wconf 76' lang='lat' dir='ltr'><strong>Fiscannensis</strong></span> <span class='ocrx_word' id='word_1_121' title='bbox 463 2303 624 2379; x_wconf 90' lang='lat' dir='ltr'><strong>coenobii</strong></span> <span class='ocrx_word' id='word_1_122' title='bbox 643 2304 802 2404; x_wconf 83' lang='lat' dir='ltr'><strong>regimen</strong></span> <span class='ocrx_word' id='word_1_123' title='bbox 822 2321 1023 2404; x_wconf 88' lang='lat' dir='ltr'><strong>assumptus</strong></span> <span class='ocrx_word' id='word_1_124' title='bbox 1043 2321 1108 2380; x_wconf 89' lang='lat' dir='ltr'><strong>est.</strong></span> <span class='ocrx_word' id='word_1_125' title='bbox 1124 2305 1267 2382; x_wconf 87' lang='lat' dir='ltr'><strong>Nomen</strong></span> 
     </span>
     <span class='ocr_line' id='line_1_18' title="bbox 201 2420 1267 2525; baseline -0.002 -27"><span class='ocrx_word' id='word_1_126' title='bbox 201 2427 274 2525; x_wconf 84' lang='lat' dir='ltr'><strong>ejus</strong></span> <span class='ocrx_word' id='word_1_127' title='bbox 290 2448 361 2524; x_wconf 90' lang='lat' dir='ltr'><strong>pro</strong></span> <span class='ocrx_word' id='word_1_128' title='bbox 383 2422 507 2495; x_wconf 89' lang='lat' dir='ltr'><strong>multis</strong></span> <span class='ocrx_word' id='word_1_129' title='bbox 524 2420 730 2510; x_wconf 88' lang='lat' dir='ltr'><strong>beneficiis,</strong></span> <span class='ocrx_word' id='word_1_130' title='bbox 749 2447 832 2522; x_wconf 85' lang='lat' dir='ltr'><strong>quae</strong></span> <span class='ocrx_word' id='word_1_131' title='bbox 848 2421 1077 2496; x_wconf 88' lang='lat' dir='ltr'><strong>Uticensibus</strong></span> <span class='ocrx_word' id='word_1_132' title='bbox 1091 2423 1267 2514; x_wconf 86' lang='lat' dir='ltr'><strong>contulit,</strong></span> 
     </span>
     <span class='ocr_line' id='line_1_19' title="bbox 201 2540 1272 2643; baseline 0 -29"><span class='ocrx_word' id='word_1_133' title='bbox 201 2543 237 2617; x_wconf 93' lang='lat' dir='ltr'><strong>in</strong></span> <span class='ocrx_word' id='word_1_134' title='bbox 255 2541 382 2617; x_wconf 86' lang='lat' dir='ltr'><strong>rotulo</strong></span> <span class='ocrx_word' id='word_1_135' title='bbox 399 2540 555 2643; x_wconf 81' lang='lat' dir='ltr'><strong>generali</strong></span> <span class='ocrx_word' id='word_1_136' title='bbox 578 2542 753 2638; x_wconf 91' lang='lat' dir='ltr'><strong>scriptum</strong></span> <span class='ocrx_word' id='word_1_137' title='bbox 770 2554 840 2628; x_wconf 89' lang='lat' dir='ltr'><strong>est,</strong></span> <span class='ocrx_word' id='word_1_138' title='bbox 859 2554 896 2613; x_wconf 89' lang='lat' dir='ltr'><strong>et</strong></span> <span class='ocrx_word' id='word_1_139' title='bbox 911 2565 980 2640; x_wconf 91' lang='lat' dir='ltr'><strong>pro</strong></span> <span class='ocrx_word' id='word_1_140' title='bbox 1004 2540 1081 2640; x_wconf 89' lang='lat' dir='ltr'><strong>ipso</strong></span> <span class='ocrx_word' id='word_1_141' title='bbox 1095 2541 1217 2613; x_wconf 88' lang='lat' dir='ltr'><strong>missas</strong></span> <span class='ocrx_word' id='word_1_142' title='bbox 1235 2556 1272 2617; x_wconf 88' lang='lat' dir='ltr'><strong>et</strong></span> 
     </span>
     <span class='ocr_line' id='line_1_20' title="bbox 202 2655 1271 2757; baseline 0 -25"><span class='ocrx_word' id='word_1_143' title='bbox 202 2659 383 2732; x_wconf 84' lang='lat' dir='ltr'><strong>orationes</strong></span> <span class='ocrx_word' id='word_1_144' title='bbox 400 2674 436 2730; x_wconf 89' lang='lat' dir='ltr'><strong>et</strong></span> <span class='ocrx_word' id='word_1_145' title='bbox 451 2657 692 2757; x_wconf 86' lang='lat' dir='ltr'><strong>eleemosynas</strong></span> <span class='ocrx_word' id='word_1_146' title='bbox 709 2657 801 2727; x_wconf 90' lang='lat' dir='ltr'><strong>sicut</strong></span> <span class='ocrx_word' id='word_1_147' title='bbox 821 2681 890 2755; x_wconf 91' lang='lat' dir='ltr'><strong>pro</strong></span> <span class='ocrx_word' id='word_1_148' title='bbox 911 2655 1090 2730; x_wconf 90' lang='lat' dir='ltr'><strong>monacho</strong></span> <span class='ocrx_word' id='word_1_149' title='bbox 1108 2655 1271 2755; x_wconf 85' lang='lat' dir='ltr'><strong>professo</strong></span> 
     </span>
     <span class='ocr_line' id='line_1_21' title="bbox 203 2771 1270 2877; baseline -0.004 -26"><span class='ocrx_word' id='word_1_150' title='bbox 203 2801 350 2877; x_wconf 84' lang='lat' dir='ltr'><strong>prorsus</strong></span> <span class='ocrx_word' id='word_1_151' title='bbox 374 2777 428 2877; x_wconf 85' lang='lat' dir='ltr'><strong>agi</strong></span> <span class='ocrx_word' id='word_1_152' title='bbox 448 2789 621 2847; x_wconf 87' lang='lat' dir='ltr'><strong>statutum</strong></span> <span class='ocrx_word' id='word_1_153' title='bbox 643 2787 710 2846; x_wconf 88' lang='lat' dir='ltr'><strong>est.</strong></span> <span class='ocrx_word' id='word_1_154' title='bbox 737 2772 904 2844; x_wconf 88' lang='lat' dir='ltr'><strong>Plurimis</strong></span> <span class='ocrx_word' id='word_1_155' title='bbox 930 2773 1049 2872; x_wconf 85' lang='lat' dir='ltr'><strong>itaque</strong></span> <span class='ocrx_word' id='word_1_156' title='bbox 1068 2771 1270 2847; x_wconf 82' lang='lat' dir='ltr'><strong>fautoribus</strong></span> 
     </span>
     <span class='ocr_line' id='line_1_22' title="bbox 203 2890 1271 2990; baseline -0.003 -23"><span class='ocrx_word' id='word_1_157' title='bbox 203 2921 308 2969; x_wconf 84' lang='lat' dir='ltr'><strong>novae</strong></span> <span class='ocrx_word' id='word_1_158' title='bbox 316 2892 472 2969; x_wconf 75' lang='lat' dir='ltr'><strong>basilicae</strong></span> <span class='ocrx_word' id='word_1_159' title='bbox 484 2891 617 2964; x_wconf 80' lang='lat' dir='ltr'><strong>fabrica</strong></span> <span class='ocrx_word' id='word_1_160' title='bbox 629 2890 816 2962; x_wconf 88' lang='lat' dir='ltr'><strong>sublimata</strong></span> <span class='ocrx_word' id='word_1_161' title='bbox 830 2905 899 2977; x_wconf 89' lang='lat' dir='ltr'><strong>est,</strong></span> <span class='ocrx_word' id='word_1_162' title='bbox 919 2905 956 2964; x_wconf 90' lang='lat' dir='ltr'><strong>et</strong></span> <span class='ocrx_word' id='word_1_163' title='bbox 968 2892 1170 2989; x_wconf 87' lang='lat' dir='ltr'><strong>incoeptum</strong></span> <span class='ocrx_word' id='word_1_164' title='bbox 1181 2916 1271 2990; x_wconf 87' lang='lat' dir='ltr'><strong>opus</strong></span> 
     </span>
     <span class='ocr_line' id='line_1_23' title="bbox 205 3003 1268 3109; baseline -0.004 -27"><span class='ocrx_word' id='word_1_165' title='bbox 205 3023 277 3083; x_wconf 84' lang='lat' dir='ltr'><strong>tarn</strong></span> <span class='ocrx_word' id='word_1_166' title='bbox 302 3009 459 3083; x_wconf 85' lang='lat' dir='ltr'><strong>ecclesiae</strong></span> <span class='ocrx_word' id='word_1_167' title='bbox 477 3034 587 3109; x_wconf 86' lang='lat' dir='ltr'><strong>quarn</strong></span> <span class='ocrx_word' id='word_1_168' title='bbox 602 3005 795 3080; x_wconf 89' lang='lat' dir='ltr'><strong>domorum</strong></span> <span class='ocrx_word' id='word_1_169' title='bbox 818 3003 1080 3079; x_wconf 88' lang='lat' dir='ltr'><strong>honorabiliter</strong></span> <span class='ocrx_word' id='word_1_170' title='bbox 1102 3031 1268 3078; x_wconf 91' lang='lat' dir='ltr'><strong>consum-</strong></span> 
     </span>
     <span class='ocr_line' id='line_1_24' title="bbox 204 3140 451 3200; baseline -0.012 -1"><span class='ocrx_word' id='word_1_171' title='bbox 204 3141 341 3199; x_wconf 85' lang='lat' dir='ltr'><strong>matum</strong></span> <span class='ocrx_word' id='word_1_172' title='bbox 360 3140 422 3200; x_wconf 89' lang='lat' dir='ltr'><strong>est.</strong></span> <span class='ocrx_word' id='word_1_173' title='bbox 449 3158 451 3162; x_wconf 35' lang='lat'>³</span> 
     </span>
    </p>

    <p class='ocr_par' dir='ltr' id='par_1_3' title="bbox 184 3236 1312 3808">
     <span class='ocr_line' id='line_1_25' title="bbox 249 3236 1268 3345; baseline -0.007 -29"><span class='ocrx_word' id='word_1_174' title='bbox 249 3245 433 3345; x_wconf 80' lang='lat' dir='ltr'><strong>&#39;l&#39;empore</strong></span> <span class='ocrx_word' id='word_1_175' title='bbox 455 3241 640 3342; x_wconf 81' lang='lat' dir='ltr'><strong>regiminis</strong></span> <span class='ocrx_word' id='word_1_176' title='bbox 663 3239 831 3314; x_wconf 88' lang='lat' dir='ltr'><strong>Mainerii</strong></span> <span class='ocrx_word' id='word_1_177' title='bbox 861 3238 998 3312; x_wconf 88' lang='lat' dir='ltr'><strong>abbatis</strong></span> <span class='ocrx_word' id='word_1_178' title='bbox 1026 3263 1072 3311; x_wconf 89' lang='lat' dir='ltr'><strong>xc</strong></span> <span class='ocrx_word' id='word_1_179' title='bbox 1101 3236 1268 3311; x_wconf 90' lang='lat' dir='ltr'><strong>monacbi</strong></span> 
     </span>
     <span class='ocr_line' id='line_1_26' title="bbox 206 3356 1270 3460; baseline -0.007 -26"><span class='ocrx_word' id='word_1_180' title='bbox 206 3361 352 3435; x_wconf 74' lang='lat' dir='ltr'><strong>diversae</strong></span> <span class='ocrx_word' id='word_1_181' title='bbox 382 3359 564 3460; x_wconf 77' lang='lat' dir='ltr'><strong>qtnlitatis</strong></span> <span class='ocrx_word' id='word_1_182' title='bbox 593 3374 629 3433; x_wconf 92' lang='lat' dir='ltr'><strong>et</strong></span> <span class='ocrx_word' id='word_1_183' title='bbox 661 3357 879 3433; x_wconf 91' lang='lat' dir='ltr'><strong>conditionis</strong></span> <span class='ocrx_word' id='word_1_184' title='bbox 907 3359 1091 3457; x_wconf 86' lang='lat' dir='ltr'><strong>(quorum</strong></span> <span class='ocrx_word' id='word_1_185' title='bbox 1121 3356 1270 3430; x_wconf 86' lang='lat' dir='ltr'><strong>nomina</strong></span> 
     </span>
     <span class='ocr_line' id='line_1_27' title="bbox 184 3472 1267 3578; baseline -0.008 -24"><span class='ocrx_word' id='word_1_186' title='bbox 184 3479 186 3484; x_wconf 30' lang='lat'>⁸</span> <span class='ocrx_word' id='word_1_187' title='bbox 208 3479 408 3578; x_wconf 75' lang='lat' dir='ltr'><strong>conscripta</strong></span> <span class='ocrx_word' id='word_1_188' title='bbox 428 3493 513 3550; x_wconf 88' lang='lat' dir='ltr'><strong>sunt</strong></span> <span class='ocrx_word' id='word_1_189' title='bbox 534 3477 571 3550; x_wconf 91' lang='lat' dir='ltr'><strong>in</strong></span> <span class='ocrx_word' id='word_1_190' title='bbox 591 3476 777 3551; x_wconf 83' lang='lat' dir='ltr'><strong>volumine</strong></span> <span class='ocrx_word' id='word_1_191' title='bbox 800 3475 973 3576; x_wconf 80' lang='lat' dir='ltr'><strong>generalis</strong></span> <span class='ocrx_word' id='word_1_192' title='bbox 994 3472 1267 3571; x_wconf 86' lang='lat' dir='ltr'><strong>descriptionis)</strong></span> 
     </span>
     <span class='ocr_line' id='line_1_28' title="bbox 209 3588 1312 3690; baseline -0.006 -23"><span class='ocrx_word' id='word_1_193' title='bbox 209 3594 411 3668; x_wconf 74' lang='lat' dir='ltr'><strong>secularem</strong></span> <span class='ocrx_word' id='word_1_194' title='bbox 436 3590 599 3665; x_wconf 87' lang='lat' dir='ltr'><strong>habitum</strong></span> <span class='ocrx_word' id='word_1_195' title='bbox 627 3593 665 3665; x_wconf 91' lang='lat' dir='ltr'><strong>in</strong></span> <span class='ocrx_word' id='word_1_196' title='bbox 688 3592 848 3665; x_wconf 88' lang='lat' dir='ltr'><strong>Uticensi</strong></span> <span class='ocrx_word' id='word_1_197' title='bbox 873 3588 992 3663; x_wconf 90' lang='lat' dir='ltr'><strong>schola</strong></span> <span class='ocrx_word' id='word_1_198' title='bbox 1015 3589 1268 3690; x_wconf 86' lang='lat' dir='ltr'><strong>reliquerunt,</strong></span> <span class='ocrx_word' id='word_1_199' title='bbox 1305 3660 1312 3689; x_wconf 26' lang='grc' dir='ltr'><strong>ἱ</strong></span> 
     </span>
     <span class='ocr_line' id='line_1_29' title="bbox 209 3704 1271 3808; baseline -0.005 -28"><span class='ocrx_word' id='word_1_200' title='bbox 209 3723 241 3780; x_wconf 93' lang='lat' dir='ltr'><strong>et</strong></span> <span class='ocrx_word' id='word_1_201' title='bbox 261 3710 438 3782; x_wconf 90' lang='lat' dir='ltr'><strong>instinctu</strong></span> <span class='ocrx_word' id='word_1_202' title='bbox 464 3706 703 3808; x_wconf 86' lang='lat' dir='ltr'><strong>laudabilique</strong></span> <span class='ocrx_word' id='word_1_203' title='bbox 724 3707 907 3779; x_wconf 89' lang='lat' dir='ltr'><strong>bonorum</strong></span> <span class='ocrx_word' id='word_1_204' title='bbox 935 3704 1100 3805; x_wconf 87' lang='lat' dir='ltr'><strong>exemplo</strong></span> <span class='ocrx_word' id='word_1_205' title='bbox 1124 3731 1189 3802; x_wconf 85' lang='lat' dir='ltr'><strong>per</strong></span> <span class='ocrx_word' id='word_1_206' title='bbox 1208 3730 1271 3776; x_wconf 85' lang='lat' dir='ltr'><strong>an-</strong></span> 
     </span>
    </p>
   </div>
   <div class='ocr_carea' id='block_1_3' title="bbox 217 4021 1275 4270">
    <p class='ocr_par' dir='ltr' id='par_1_4' title="bbox 217 4021 1275 4270">
     <span class='ocr_line' id='line_1_30' title="bbox 241 4021 501 4094; baseline -0.012 -16"><span class='ocrx_word' id='word_1_207' title='bbox 241 4024 278 4094; x_wconf 83' lang='lat'><strong>(1)</strong></span> <span class='ocrx_word' id='word_1_208' title='bbox 296 4022 335 4078; x_wconf 88' lang='lat' dir='ltr'><strong>Le</strong></span> <span class='ocrx_word' id='word_1_209' title='bbox 347 4021 501 4078; x_wconf 71' lang='lat' dir='ltr'><strong>refectoire.</strong></span> 
     </span>
     <span class='ocr_line' id='line_1_31' title="bbox 217 4104 1275 4270; baseline -0.009 -101"><span class='ocrx_word' id='word_1_210' title='bbox 217 4110 458 4270; x_wconf 62' lang='lat' dir='ltr'><strong>¹¹(02⁸))(¹1nillaume</strong></span> <span class='ocrx_word' id='word_1_211' title='bbox 471 4110 507 4166; x_wconf 82' lang='lat' dir='ltr'><strong>de</strong></span> <span class='ocrx_word' id='word_1_212' title='bbox 527 4109 600 4178; x_wconf 85' lang='lat' dir='ltr'><strong>Ros,</strong></span> <span class='ocrx_word' id='word_1_213' title='bbox 615 4109 756 4165; x_wconf 70' lang='lat' dir='ltr'><strong>troisieme</strong></span> <span class='ocrx_word' id='word_1_214' title='bbox 774 4107 843 4164; x_wconf 71' lang='lat' dir='ltr'><strong>abbe‘</strong></span> <span class='ocrx_word' id='word_1_215' title='bbox 860 4106 896 4163; x_wconf 85' lang='lat' dir='ltr'><strong>de</strong></span> <span class='ocrx_word' id='word_1_216' title='bbox 915 4108 1034 4180; x_wconf 70' lang='lat' dir='ltr'><strong>Feoamp</strong></span> <span class='ocrx_word' id='word_1_217' title='bbox 1054 4104 1275 4181; x_wconf 77' lang='lat' dir='ltr'><strong>(1079·26mars</strong></span> 
     </span>
    </p>
   </div>
   <div class='ocr_carea' id='block_1_4' title="bbox 280 4311 1203 4386">
    <p class='ocr_par' dir='ltr' id='par_1_5' title="bbox 280 4311 1203 4386">
     <span class='ocr_line' id='line_1_32' title="bbox 280 4311 1203 4386; baseline 0.005 -5"><span class='ocrx_word' id='word_1_218' title='bbox 280 4313 319 4360; x_wconf 88' lang='lat'><strong>11·</strong></span> <span class='ocrx_word' id='word_1_219' title='bbox 1105 4311 1130 4381; x_wconf 85' lang='lat'><strong>9</strong></span> <span class='ocrx_word' id='word_1_220' title='bbox 1200 4382 1203 4386; x_wconf 81' lang='grc'>,</span> 
     </span>
    </p>
   </div>
   <div class='ocr_carea' id='block_1_5' title="bbox 0 0 1490 4980">
    <p class='ocr_par' dir='ltr' id='par_1_6' title="bbox 0 0 1490 4980">
     <span class='ocr_line' id='line_1_33' title="bbox 0 0 1490 4980; baseline 0 0"><span class='ocrx_word' id='word_1_221' title='bbox 0 0 1490 4980; x_wconf 95' lang='lat' dir='ltr'><strong> </strong></span> 
     </span>
    </p>
   </div>
  </div>
 </body>
</html>
