2926 4980
195 388 256 448 320
471 382 656 445 HISTORIA
677 380 981 444 Enchflstsstlcs.
1158 386 1265 465 [1080]

196 507 280 581 ciem
296 505 459 580 ecclesia
466 505 702 599 facultatem.
721 502 837 601 Quod
846 505 881 576 si
888 501 1079 605 presbyter
1089 528 1174 577 cum
1191 531 1267 577 mo-

195 625 324 698 nachis
340 624 459 697 uiuere
478 621 653 712 noluerit,
676 637 814 695 tantum
832 620 894 693 det
910 623 946 693 ei
964 619 1081 694 abbas
1097 621 1147 694 de
1163 619 1265 696 bonis

195 739 360 814 ecclesia
368 795 382 828 ,
412 736 509 811 unde
535 753 570 809 et
590 735 679 810 bene
699 734 818 810 oioc're
839 752 873 807 et
897 736 1061 810 ecclesia
1084 739 1267 811 servitium

196 856 445 930 conuenienter
459 853 583 926 valeat
589 851 780 955 presbyter
791 851 1005 953 adimplere.
1024 850 1141 950 Quod
1151 854 1188 926 si
1201 852 1265 926 ab·

197 968 401 1071 bassacere
413 970 587 1056 noluerit,
602 968 652 1042 ab
667 972 839 1071 episcopo
852 971 1100 1042 conuenienter
1113 986 1268 1070 cogatur

197 1088 383 1187 utfaciat.
403 1085 597 1184 Presbyter
611 1111 696 1157 vero
712 1090 882 1186 episcopo
899 1112 967 1159 suo
981 1087 1085 1187 juste
1099 1087 1266 1161 subditus

195 1205 261 1294 sit,
282 1220 316 1276 ct
333 1201 558 1305 episcopales
574 1201 739 1275 redditus
750 1202 950 1303 persolvat.
975 1201 1071 1300 Qua
1088 1230 1178 1277 cero
1200 1230 1265 1277 su-

192 1320 474 1422 perabundant,
501 1323 540 1392 in
564 1347 648 1394 usus
669 1321 880 1392 monasterii
896 1322 956 1394 sui
975 1319 1093 1394 abbas
1117 1320 1263 1395 babeat.

194 1437 281 1511 Hoc
297 1436 396 1508 idem
412 1437 451 1509 in
469 1435 631 1509 ecclesiis
649 1437 910 1508 canonicorum
926 1434 1144 1511 observetur.

249 1582 306 1627 ιι.
331 1553 374 1626 V
369 1551 497 1624 iolatio
512 1553 674 1648 ecclesia
688 1569 723 1623 et
738 1554 842 1640 atrii,
859 1553 955 1624 sieut
969 1556 1140 1653 superius
1154 1554 1265 1629 deter-

196 1673 373 1745 minatum
395 1685 465 1758 est,
493 1686 527 1742 et
548 1671 745 1745 commissa
755 1696 827 1772 pro
843 1669 975 1769 quibus
997 1669 1166 1746 divinum
1189 1673 1265 1773 offi-

196 1790 295 1861 cium
322 1802 502 1876 remanet,
529 1790 709 1888 episcopis
734 1813 801 1887 per
818 1792 1018 1888 pecuniam
1042 1790 1262 1866 emendetur.

196 1903 368 1976 Assuitus
389 1905 428 1975 in
446 1901 611 1976 ecclesias
631 1906 755 1977 itinere
771 1903 944 1978 similiter.

245 2021 291 2093 Si
311 2022 393 2120 quis
418 2021 533 2093 iratus
550 2022 785 2123 persequitur
803 2021 920 2096 alium
937 2025 976 2094 in
994 2025 1132 2097 atrium
1152 2025 1215 2099 oei
1230 2029 1266 2100 in

197 2138 388 2211 ecclesiam
394 2192 408 2226 ,
426 2138 603 2211 similiter.

243 2255 289 2329 Si
311 2254 429 2327 laicus
452 2271 537 2328 arat
558 2255 620 2327 oei
645 2254 807 2350 (edificat
830 2259 870 2327 in
892 2257 988 2331 atn‘o
1014 2261 1094 2330 sine
1120 2257 1267 2333 liceruia

190 2372 418 2477 pontificali,
438 2373 617 2448 similiter.

248 2493 290 2565 Si
307 2491 461 2564 clericus
476 2507 624 2594 raptum
628 2488 765 2593 feccrit
782 2489 992 2593 oelfurtum
1000 2550 1014 2583 ,
1032 2495 1094 2568 vel
1107 2495 1269 2597 aliquem

189 2608 430 2711 percusserit,
451 2625 518 2682 aut
534 2609 792 2699 vulneraverit,
812 2628 878 2683 aut
894 2610 1070 2685 occiderit
1076 2646 1093 2698 ‚·
1110 2614 1148 2685 si
1160 2613 1270 2687 duci·

197 2725 271 2797 lum
291 2727 369 2799 sine
396 2722 545 2797 licentia
570 2726 737 2828 episcopi
758 2728 977 2828 susceperit,
1003 2743 1069 2799 aut
1091 2716 1270 2802 nonarum

196 2843 332 2942 ceperit
345 2840 422 2938 (1),
438 2855 504 2912 aut
520 2841 696 2913 assultum
703 2842 843 2938 fecerit
851 2896 865 2930 ,
889 2860 956 2915 out
970 2841 1119 2942 aliquid
1134 2847 1271 2946 injuste

196 2958 368 3044 saisierit,
384 2974 449 3029 aut
462 2955 673 3030 incendium
671 2955 809 3054 fecen't
814 2990 831 3046 ,·
845 2975 911 3031 out
920 2975 1165 3061 manupastus
1175 2965 1267 3064 ejus,

195 3088 261 3145 aut
276 3071 463 3146 habitator
478 3077 590 3160 atrii;
612 3074 780 3148 similiter
795 3076 976 3177 episcopis
986 3101 1057 3176 per
1066 3079 1269 3177 pecuniam

193 3191 412 3263 emendetur.

241 3307 284 3381 Si
300 3309 454 3381 clericus
468 3308 687 3382 adulterium
691 3309 831 3406 feccrit
846 3328 912 3383 aut
928 3296 1266 3407 incestumfecerit,

195 3425 371 3498 similiter.

244 3540 289 3613 Si
306 3540 499 3642 presbyter
518 3542 566 3615 de
591 3543 791 3615 ministerio
816 3568 883 3615 suo
892 3538 1137 3641 forisfecerit,
1165 3542 1270 3615 simi·

195 3657 287 3729 liter.

204 3862 249 3869 ..-
258 3863 391 3869 -------
399 3863 922 3871 --—--.-—---——-——--.....-

231 3974 270 4043 (ι)
288 3973 434 4028 Namnum
452 3992 551 4045 capere
572 3974 680 4047 signifie
695 3973 816 4047 prendre
833 3992 874 4028 un
893 3993 975 4048 gage3
994 3976 1081 4044 saisir,
1099 3974 1212 4032 enlerer
1228 3992 1266 4031 uu

197 4081 275 4135 gage.
288 4064 341 4119 Ces
356 4080 438 4137 gages
454 4065 559 4118 etaient
571 4063 790 4120 ordinaisement
806 4063 854 4120 des
870 4063 1004 4120 bestiaux.
1017 4065 1040 4119 ΙΙ
1057 4066 1174 4121 existe'a
1191 4063 1266 4122 Caen

195 4171 251 4207 une
265 4172 313 4207 rue
324 4171 384 4207 aux
397 4152 516 4225 Namps.
641 4151 644 4156 ’
