2910 4980
197 425 257 485 sss
475 424 657 488 fflssoms
677 424 982 488 ncssnslssucs.
1013 485 1015 489 Α
1137 430 1260 510 [imis]

200 569 299 619 venae
311 543 480 618 mendico
492 544 744 619 hareditarias
757 572 844 646 opes
857 545 1033 645 denegent
1039 550 1255 650 postulanti.

198 661 244 737 Si
252 678 363 762 pater
379 678 461 734 tuus
478 662 546 735 tibi
560 661 799 763 adquieverit,
818 679 854 736 et
869 665 969 764 quod
978 665 1132 766 petiens
1147 664 1259 740 dede-

198 779 245 850 rit
251 832 264 865 ,
284 779 463 852 uiuacitas
479 795 544 852 tuo
560 796 595 854 et
614 778 915 880 incomparabilis
926 780 1095 882 probitas
1115 786 1259 882 magni-

186 895 267 994 fice
280 895 433 994 patebit.
450 895 496 968 Si
513 922 599 970 vero
621 899 659 968 in
676 921 748 969 sua
762 898 971 998 pertinacia
991 898 1206 998 perstiterit,
1226 917 1259 972 et

198 1012 374 1087 suadente
388 1039 458 1087 sua
474 1014 649 1113 cupidine
661 1012 823 1086 debitum
837 1013 905 1086 tibi
918 1005 1090 1089 honorem
1103 1013 1258 1114 denega·

199 1133 308 1220 verit,
343 1131 527 1204 leoninam
560 1134 825 1204 animositatem
860 1133 984 1234 am'pe
991 1189 1004 1222 ,
1040 1131 1258 1205 indecentem

199 1246 403 1322 clientelam
430 1248 571 1350 abjice,
604 1266 817 1348 tuorumque·
843 1255 1047 1324 amiconsm
1076 1248 1255 1339 consiliis,

197 1365 600 1466 suffragiisquefruere.
615 1366 736 1441 Nos
700 1392 780 1439 stne
792 1365 902 1440 dubio
909 1383 1102 1469 promptos
1113 1364 1256 1523 habebis

197 1481 252 1555 ad
263 1487 387 1556 omnin
403 1509 487 1582 quoe
503 1484 671 1557 uoluens.

245 1595 457 1695 Hujusmodi
472 1596 620 1671 hortatu
634 1595 837 1673 Radbertus
854 1601 927 1672 tiro
941 1599 1074 1672 acriter
1088 1600 1128 1670 in
1142 1598 1193 1670 irs
1204 1514 1255 1671 vei

196 1711 391 1812 cupiditate
406 1741 573 1788 accensus
590 1731 663 1807 est,
676 1731 713 1789 et
728 1714 898 1789 accedens
913 1714 958 1787 sd
970 1730 1112 1814 putrem
1120 1766 1132 1801 ,
1146 1714 1197 1786 sio
1207 1713 1255 1788 lo

196 1845 300 1903 cutus
321 1846 400 1904 est:
418 1831 707 1922 Normanniam,
731 1832 876 1905 domine
898 1834 951 1903 mi
969 1857 1055 1919 rese,
1078 1831 1133 1903 da
1154 1829 1253 1920 mut,

196 1947 471 2046 quamdudum,
482 1949 1026 2050 antequnmcontrnHernldum
1036 1949 1254 2049 inAngliem

196 2061 461 2161 transfretares,
475 2065 567 2137 milti
577 2068 786 2140 concessisti
791 2066 861 2165 (1).
871 2066 935 2138 Cui
944 2080 1046 2164 pater
1051 2063 1252 2164 respondit:

193 2179 443 2279 Incongruum
456 2198 527 2271 est,
531 2181 599 2281 fili
604 2237 618 2268 ,
636 2181 738 2281 quod
747 2186 884 2283 poscis.
902 2182 979 2252 Per
988 2182 1158 2253 uirtutem
1171 2179 1254 2254 Nor·

194 2296 406 2368 mannicum
429 2294 571 2367 obtinui
584 2296 776 2395 Angliam.
801 2296 1044 2368 Hareditario
1061 2296 1153 2396 jum
1169 2318 1253 2396 pos-

194 2410 299 2484 sideo
316 2412 611 2502 Nonnunniam,
632 2416 822 2514 ipsamque
848 2413 896 2485 de
912 2438 1024 2484 manu
1047 2436 1148 2501 mea,
1175 2411 1252 2484 dem

194 2527 390 2617 aduicem,
408 2556 480 2601 non
496 2530 657 2629 ejiciam.
677 2527 883 2603 Rodbertus
903 2529 996 2601 dixit
1016 2560 1025 2598 ε
1050 2528 1158 2627 Quid
1177 2551 1253 2624 ergo

182 2640 350 2742 faciam,
369 2645 430 2716 cel
449 2645 542 2745 quid
559 2650 644 2717 meis
662 2644 851 2718 clientibus
868 2642 1056 2717 tribuam?
1072 2645 1181 2717 Pater
1196 2667 1252 2715 su·

195 2772 270 2829 tem
290 2758 501 2856 respondit:
522 2761 779 2835 Coneem'enter
798 2759 889 2831 milri
908 2764 947 2832 in
967 2759 1131 2832 omnibus
1153 2757 1253 2831 obse-

194 2900 315 2974 quere,
333 2876 367 2947 et
385 2876 516 2977 ubique
528 2904 681 2969 meeum,
699 2894 737 2949 ut
736 2875 846 2972 silius
858 2903 938 2950 eum
944 2891 1068 2978 patre,
1079 2877 1258 2978 sapienter

194 2988 397 3063 dominare.
416 2992 622 3068 Radbertus
634 2993 677 3066 ad
696 2992 772 3067 haec
787 3025 796 3065 ι
810 2995 1060 3067 Mercenarius
1074 3010 1161 3067 tems
1170 3017 1256 3065 sen·

189 3134 261 3208 per
271 3134 348 3181 esse
358 3109 454 3182 nolo.
469 3110 688 3210 Aliquando
697 3137 772 3184 mm
770 3111 1006 3208 familiarem
1014 3109 1104 3182 uolo
1113 3108 1255 3196 hahere,

196 3243 235 3297 ut
258 3225 346 3298 milti
363 3223 634 3325 famulantibus
652 3229 770 3329 digna
787 3231 926 3330 possim
946 3224 1131 3328 stipendia
1156 3225 1258 3298 retn'·

196 3339 315 3414 buere.
352 3341 619 3445 Competentem
641 3348 763 3444 igitur,
791 3368 936 3443 quase,
968 3340 1060 3414 mihi
1085 3340 1260 3414 danem

189 3456 333 3555 precise,
356 3476 394 3529 ut
409 3461 506 3532 sicut
523 3477 563 3532 tu
577 3486 691 3560 regno
701 3456 899 3563 prafuens
916 3458 1081 3555 Angtioe,
1103 3459 1164 3530 sie
1178 3481 1260 3556 ega,

196 3597 338 3673 semper
356 3575 425 3646 tibi
442 3574 645 3679 subjectus,
668 3579 817 3678 praesim
839 3574 995 3647 ducatui
1005 3571 1259 3647 Nomannioe.

229 3920 268 3988 (1)
287 3919 364 3974 Nous
373 3939 457 3975 avons
464 3939 500 3975 vu
512 3921 649 3975 ci-dcssus
659 3920 742 3994 qu’en
753 3918 817 3974 effct
825 3916 986 3974 Guiiiaume
997 3914 1068 3968 nvait
1077 3911 1199 3985 designo
1208 3907 1264 3964 nv

198 4007 260 4059 bert
278 4026 349 4078 pour
363 4028 413 4065 son
427 4027 584 4065 successeur
595 4009 664 4064 dans
681 4009 708 4064 le
720 4008 813 4063 duchi
827 4006 863 4063 de
880 4004 1049 4062 Normandie
1061 4002 1203 4076 plusieurs
1214 4017 1265 4054 u—

198 4096 262 4148 nies
276 4108 355 4150 avant
367 4098 393 4152 ia
410 4099 561 4173 conquit03
577 4099 645 4154 mais
662 4099 681 4153 il
699 4097 798 4153 n’avsit
808 4098 905 4168 jamnis
919 4094 1042 4152 entendu
1055 4109 1112 4166 que
1124 4108 1158 4146 ce
1172 4089 1218 4144 tos
1228 4087 1264 4142 de

199 4200 247 4237 80ss
260 4198 359 4240 Vivant·
