2910 4980
193 447 301 529 [roco]
565 448 682 508 monn
703 447 881 509 censius.
1205 454 1264 514 155

194 581 297 639 turos
324 564 453 636 minati
481 579 579 637 sunt.
609 566 726 639 Porro
752 563 973 638 Guillermus
997 564 1070 637 dux
1095 564 1159 637 nbi
1186 566 1264 640 fre-
1319 583 1392 613 .,.--

193 684 426 784 quentiorem
451 696 674 756 wnventum
701 706 828 756 eorum
852 680 1009 769 audivit,
1041 707 1127 754 cum
1151 682 1263 757 valida

191 826 302 873 mann
320 798 556 900 appropians,
580 825 657 872 non
676 799 804 900 procul
829 827 848 872 a
868 797 1057 873 Lundonia
1077 799 1261 888 consedit,

192 919 401 1020 equitesque
419 918 637 1019 quingentos
653 917 718 990 illo
732 918 922 1017 premisit.
941 916 1014 1010 Qui
1030 942 1204 1016 egressam
1218 916 1263 991 de

191 1033 284 1109 urbe
298 1048 425 1109 contra
441 1061 480 1108 se
495 1037 608 1109 aciem
625 1035 791 1136 refugere
808 1036 904 1108 intra
919 1036 1056 1109 moenia
1073 1035 1264 1135 compule-¹

190 1168 305 1245 runt,
330 1169 368 1228 et
390 1153 504 1226 mults
528 1168 645 1255 strage
668 1153 831 1229 filiorum
853 1170 891 1229 et
913 1159 1114 1228 amicorum
1143 1153 1259 1242 facta,

190 1267 329 1340 civibus
345 1269 678 1368 ingentemluctum
694 1270 911 1345 intulerunt.
927 1269 1139 1344 Incendium
1153 1270 1262 1342 etiam

190 1383 340 1457 urbanae
369 1385 458 1458 caedi
488 1384 721 1475 addiderunt,
752 1402 790 1460 et
815 1386 991 1487 quidquid
1022 1385 1261 1459 aedificiorum

192 1499 280 1571 citra
295 1499 432 1575 flumen
449 1516 544 1590 emt,
564 1517 827 1576 cremaverunt.
849 1503 931 1574 Dux
946 1518 1068 1574 autem
1080 1501 1261 1573 Tamesim

196 1616 349 1691 fluvium
364 1621 615 1708 transmeavit,
631 1635 668 1693 ct
682 1620 726 1694 ad
739 1619 915 1720 oppidum
926 1619 1193 1720 Guarengefort
1204 1620 1260 1717 (1)

193 1733 371 1830 pemenit.

233 1850 330 1923 Illuc
340 1850 531 1949 Stigandus
539 1851 841 1952 archiepiscopus,
852 1852 984 1951 aliique
997 1851 1141 1926 nobiles
1150 1850 1259 1952 Angli

192 1965 425 2041 advenerunt.
444 1968 626 2069 Edgarum
649 1968 881 2070 abrogantes,
899 1996 1024 2068 pacem
1049 1996 1131 2042 cum
1153 1967 1262 2041 Guil-

191 2082 495 2174 lolmofeccrunt,
512 2087 702 2186 ipsumque
716 2086 783 2158 sibi
798 2087 989 2160 dominum
1000 2100 1259 2184 susceperunt,

192 2215 223 2273 et
243 2203 313 2301 ipsi
335 2201 384 2273 ab
401 2228 448 2276 co
464 2201 671 2304 benigniter
688 2203 862 2301 suscepti,
880 2202 1050 2300 pristinas
1068 2201 1261 2301 dignitates

193 2332 223 2389 et
248 2317 410 2392 bonores
433 2336 663 2418 receperunt.
692 2318 874 2419 bundonii
904 2319 1142 2393 nihilominus
1169 2318 1260 2392 utile

193 2436 382 2508 consilium
398 2437 652 2536 percipientes,
669 2462 745 2510 sese
755 2438 793 2508 in
808 2434 1021 2536 obsequium
1033 2435 1133 2508 ducis
1147 2434 1260 2507 tradi-

194 2549 339 2645 derunt,
353 2568 390 2627 et
402 2553 544 2628 obsides
552 2580 646 2655 quos
657 2571 694 2628 et
704 2572 796 2656 quot
810 2555 1003 2652 imperarat
1015 2552 1255 2627 adduxerunt.

194 2668 349 2772 ldgarus
359 2672 544 2761 Adelinus,
559 2674 621 2774 qui
631 2700 696 2746 rex
705 2673 1049 2747 fueratconstitutus
1057 2670 1102 2744 ab
1115 2672 1255 2772 Anglis,

196 2786 351 2862 resistere
368 2789 549 2882 diffidens,
570 2789 758 2865 humiliter
770 2789 968 2863 Guillelmo
979 2816 1016 2862 se
1033 2815 1257 2890 regnumque

199 2904 356 2979 contulit.
381 2905 445 2979 llle
464 2933 571 2995 vero,
590 2909 674 3008 quia
696 2906 791 2982 idem
806 2934 897 3007 puer
921 2909 1018 2979 mitis
1041 2924 1079 2981 et
1097 2908 1257 2981 sincerus

201 3035 281 3108 erat,
301 3035 340 3094 et
355 3023 596 3097 consobrinus
613 3025 771 3098 Eduardi
792 3025 912 3124 Magni
931 3027 1026 3126 regis
1048 3025 1166 3123 [filius
1183 3026 1256 3097 sci-

203 3131 419 3238 licetncpotis
430 3145 505 3240 ejus
514 3143 687 3241 erat(2)],
698 3140 936 3214 amicabiliter
944 3169 1026 3215 eum
1035 3140 1255 3240 amplexatus

202 3266 261 3341 ut,
278 3269 314 3327 et
336 3258 438 3329 omni
460 3257 533 3329 vita
560 3285 619 3330 sna
644 3261 741 3332 inter
767 3258 860 3331 filios
886 3285 967 3330 suos
992 3257 1255 3332 honorabiliter

207 3388 376 3445 ttuendus
392 3388 446 3447 est
458 3376 529 3474 (ὅ).

233 3610 266 3683 (ι)
282 3615 488 3687 wallingford,
501 3616 591 3691 bourg
606 3618 675 3672 dans
685 3619 712 3671 lc
727 3618 889 3684 Berkshire,
904 3624 918 3669 a
931 3617 965 3683 46
979 3615 1069 3670 milles
1084 3616 1120 3673 Ο.
1133 3617 1168 3672 de
1179 3619 1252 3672 Lon·

210 3696 266 3757 dtu.
281 3706 320 3761 Ge
331 3706 403 3761 n‘est
415 3724 464 3778 pas
483 3705 524 3774 la,
540 3708 609 3761 mais
625 3706 869 3762 tBerlhamstead
883 3724 938 3780 quc
955 3705 1117 3761 Guillaume
1130 3717 1210 3778 secut
1226 3707 1252 3762 la

211 3791 352 3849 minim
363 3792 414 3848 des
423 3793 567 3868 seigneurs
577 3795 690 3867 Anglais
702 3805 730 3850 et
744 3794 791 3848 des
803 3794 945 3848 habitante
957 3792 992 3847 de
1005 3792 1137 3848 Londrcs.

136 3946 138 3957 Ι
232 3880 267 3949 (a)
279 3882 372 3958 higen
381 3882 517 3955 Atheling
526 3887 593 3940 erait
604 3903 640 3939 en
657 3885 720 3939 ellet
736 3885 906 3956 petit-neven
917 3871 1251 3938 d’fflouard-te-Cmses-

136 3972 138 3979 '
210 3981 266 4040 ΙΙ,
278 3990 386 4031 somne
401 3973 529 4048 petit-fils
543 3976 578 4030 de
592 3992 641 4030 son
658 3976 730 4030 ledre
746 3974 918 4047 consanguin
931 3973 1060 4029 Edmond
1076 3973 1212 4028 Ironside.
1227 3975 1252 4028 ll

210 4058 279 4124 Pub
297 4064 367 4138 qu’it
386 4066 454 4120 etait
472 4064 529 4119 sort
538 4065 623 4136 jeone
638 4068 652 4118 'a
668 4074 740 4121 cette
757 4067 874 4137 epoqoe.
893 4063 952 4119 Gui
969 4062 1112 4118 d'Amiens
1126 4061 1251 4136 l’appelle

210 4162 263 4213 Μ·
275 4154 304 4208 in
316 4162 438 4210 statuam
451 4158 526 4227 regis
541 4156 653 4209 electus.

225 4234 270 4313 'ill
281 4240 345 4301 (leti
356 4244 426 4301 n'est
439 4260 488 4318 pas
498 4254 577 4300 exact
593 4255 622 4298 et
638 4243 664 4299 le
678 4245 773 4317 princc
794 4243 992 4315 Anglo-Saxon
1012 4222 1061 4295 ebt
1081 4250 1196 4295 souvent
1216 4260 1251 4294 an

213 4330 327 4389 aalma
337 4338 353 4389 t
365 4350 393 4389 sc
405 4332 533 4407 plsindrc
545 4332 580 4388 dc
593 4333 618 4388 la
631 4335 799 4407 parcimonie
813 4332 848 4388 de
858 4331 1039 4388 Guillausnci
1050 4348 1100 4386 son
1110 4327 1205 4402 e‘gard.
