2910 4980
192 427 253 488 22l
472 428 655 489 HISTORIA
677 428 982 490 uccttstastlct.
1053 430 1259 510 [1080-1080]

193 546 349 645 exceptis
374 546 587 619 muneribus
614 546 720 646 regiis
747 561 784 619 et
809 562 974 620 reatuum
997 547 1261 647 redemptioni-

192 660 278 751 bus,
298 661 446 762 aliisque
468 662 731 763 multiplicibus
753 666 925 764 negotiis,
950 690 1032 765 quae
1054 665 1148 767 regis
1169 688 1261 739 ωιτ-

191 780 288 851 rium
300 778 462 879 quotidie
473 781 662 881 adaugent.
677 784 751 854 Rex
761 781 975 856 Guillelmus
985 807 1096 856 omne
1103 806 1262 884 regnum

191 922 297 967 suum
312 894 506 994 diligenter
519 898 764 996 investigavit,
779 915 816 971 et
828 923 953 972 omnes
967 897 1069 971 fiscos
1083 900 1158 997 ejus
1171 898 1263 971 sicut

194 1027 357 1109 tempore
372 1010 529 1084 Eduardi
549 1013 641 1110 regis
659 1012 821 1105 fuerant,
840 1014 1015 1086 veraciter
1031 1010 1186 1085 describi
1203 1010 1266 1085 [οὲ

193 1127 244 1198 cit
256 1128 271 1224 (
279 1126 326 1224 r).
342 1128 470 1200 Terras
483 1143 602 1200 autem
616 1126 795 1200 militibus
809 1128 855 1199 ita
867 1126 1071 1216 distribuit,
1086 1142 1263 1201 eteorum

193 1241 338 1315 ordines
354 1243 401 1314 ita
418 1243 612 1342 disposuit,
626 1259 668 1315 ut
680 1242 821 1343 Angliae
834 1268 988 1342 regnum
1002 1268 1048 1315 tx
1061 1241 1175 1315 millia
1190 1241 1265 1315 mi·

193 1359 300 1431 litum
315 1360 372 1458 (2)
392 1359 636 1433 indesinenter
652 1357 799 1433 haberet
808 1413 818 1446 ,
835 1358 933 1431 acad
951 1359 1145 1459 imperium
1155 1358 1262 1459 regis,

195 1492 305 1575 prout
322 1479 415 1550 ratio
432 1478 656 1577 poposcerit,
674 1477 839 1551 celeriter
855 1474 1053 1550 exhiberet.
1293 1546 1308 1579 ·.

242 1594 338 1668 Vlll.
352 1592 499 1693 Adeptis
513 1595 633 1694 itaque
647 1594 768 1665 nimiis
781 1592 912 1693 opibus
924 1619 1013 1694 quas
1025 1592 1086 1665 alii
1100 1616 1265 1693 aggrcffl·

194 1726 300 1797 rant,
326 1708 530 1783 Narmauni
555 1709 716 1784 furentes
743 1709 977 1784 immoderate
999 1707 1211 1799 tumebant,
1228 1724 1265 1782 et

196 1827 380 1928 indigenas
397 1827 521 1901 divino
541 1827 690 1901 verbere
713 1855 782 1928 pro
803 1826 961 1900 reatibus
986 1829 1058 1900 suis
1080 1826 1265 1926 percussus

195 1947 304 2046 impie
317 1945 535 2019 mactabant.
550 1946 747 2018 blanciadae
760 1946 920 2018 Maronis
936 1944 1092 2017 disticon
1107 1942 1266 2051 comple-

196 2077 273 2134 tum
290 2064 327 2134 in
346 2063 417 2136 illis
435 2064 640 2136 cernimus:

334 2235 433 2289 Nescia
447 2252 525 2289 mens
538 2232 662 2289 hominis
674 2233 724 2288 tati
738 2233 875 2307 sortisque
886 2232 1001 2300 lutura,

335 2323 370 2376 Et
382 2336 490 2376 servare
503 2320 634 2389 modum,
650 2320 734 2375 rebus
747 2321 853 2376 sublata
864 2319 993 2377 secundis
1002 2317 1050 2391 (3).

194 2482 343 2557 Nobiles
367 2480 497 2581 puellae
519 2481 792 2580 despicabilium
815 2481 975 2557 ludibrio
1002 2481 1265 2580 armigerorum

195 2599 386 2700 patebant,
408 2616 445 2674 et
465 2596 510 2671 ab
530 2598 724 2671 immundis
743 2597 987 2673 nebulonibus
1003 2623 1187 2697 oppressae
1201 2595 1265 2671 de-

194 2714 301 2788 decus
325 2742 430 2787 suum
456 2711 706 2814 deplorabant.
733 2714 912 2786 Matrouae
933 2738 1020 2787 vero
1039 2711 1215 2813 elegantia
1230 2725 1266 2787 et

196 2831 418 2930 ingenuitate
442 2829 651 2931 spectabiles
679 2828 845 2904 desolatae
869 2829 1084 2930 gemebant3
1109 2828 1265 2905 marito-

194 2976 277 3020 rum
303 2963 339 3020 et
369 2949 535 3020 omnium
562 2974 653 3047 pene
677 2950 878 3022 amicorum
901 2946 1030 3021 solatio
1061 2945 1264 3034 destitutae,

194 3064 304 3163 magis
326 3065 420 3136 mori
445 3091 554 3164 quam
573 3065 692 3137 vivere
712 3062 899 3163 optabant.
924 3062 1100 3135 lndocilcs
1121 3060 1265 3161 parasiti

193 3178 463 3253 admirabantur
482 3183 535 3279 (et
550 3182 649 3280 quasi
665 3180 834 3255 vecordes
847 3208 866 3254 e
881 3176 1046 3280 superbia
1064 3176 1268 3252 efficieban-

195 3301 272 3396 tur)
292 3299 387 3371 unde
406 3296 472 3370 sibi
496 3314 594 3371 tanta
621 3316 775 3398 potestas
798 3314 1014 3384 emanasset,
1036 3313 1073 3371 et
1090 3294 1268 3396 putabant

230 3681 269 3750 (t)
287 3680 326 3733 Ce
342 3678 429 3752 grand
444 3676 557 3746 travail,
572 3680 620 3752 qui
634 3676 774 3751 produisit
790 3677 816 3732 le
830 3675 993 3750 Domesday
1012 3674 1107 3738 Book,
1128 3674 1173 3731 sut
1191 3690 1268 3731 onm-

197 3770 293 3822 meuce
306 3786 341 3821 en
360 3768 440 3835 1080,
456 3777 484 3821 et
498 3769 617 3821 termine
630 3785 665 3820 en
683 3766 758 3822 1086.

231 3858 269 3928 (a)
287 3857 417 3912 Soixante
432 3855 507 3911 mille
518 3855 591 3910 deux
603 3868 667 3911 cent
680 3857 794 3930 quinte,
810 3857 919 3910 suivant
931 3873 986 3910 une
997 3854 1163 3929 chronique.

231 3946 271 4018 (ὃ)
288 3949 362 4003 Lisez
377 3972 382 4001 ε

377 4036 458 4083 nescia
471 4052 534 4081 mens
547 4036 661 4081 tantinum
666 4039 719 4098 saei
732 4038 844 4098 sortisque
848 4038 951 4095 sutum,

375 4123 406 4165 Et
416 4137 504 4166 servare
517 4120 622 4175 modum,
634 4121 699 4166 rebus
712 4119 804 4166 sublata
818 4119 930 4166 secundia.

612 4208 689 4266 virg,
703 4210 772 4258 Δίκη
784 4219 814 4259 x,
826 4206 882 4251 501.
