<?xml version="1.0" encoding="UTF-8"?>
<!DOCTYPE html PUBLIC "-//W3C//DTD XHTML 1.0 Transitional//EN"
    "http://www.w3.org/TR/xhtml1/DTD/xhtml1-transitional.dtd">
<html xmlns="http://www.w3.org/1999/xhtml" xml:lang="en" lang="en">
 <head>
  <title>
</title>
<meta http-equiv="Content-Type" content="text/html;charset=utf-8" />
  <meta name='ocr-system' content='tesseract 3.04.00' />
  <meta name='ocr-capabilities' content='ocr_page ocr_carea ocr_par ocr_line ocrx_word'/>
</head>
<body>
  <div class='ocr_page' id='page_1' title='image "./ordericivitalis01deligoog/ordericivitalis01deligoog_0415.png"; bbox 0 0 2910 4980; ppageno 0'>
   <div class='ocr_carea' id='block_1_1' title="bbox 200 342 982 407">
    <p class='ocr_par' dir='ltr' id='par_1_1' title="bbox 200 342 982 407">
     <span class='ocr_line' id='line_1_1' title="bbox 200 342 982 407; baseline -0.004 -1"><span class='ocrx_word' id='word_1_1' title='bbox 200 345 258 406; x_wconf 77' lang='lat' dir='ltr'><strong>lon</strong></span> <span class='ocrx_word' id='word_1_2' title='bbox 468 343 653 405; x_wconf 79' lang='lat' dir='ltr'><strong>lllsToulx</strong></span> <span class='ocrx_word' id='word_1_3' title='bbox 676 342 982 407; x_wconf 73' lang='lat' dir='ltr'><strong>uectusllsxlcx.</strong></span> 
     </span>
    </p>
   </div>
   <div class='ocr_carea' id='block_1_2' title="bbox 193 461 1269 1032">
    <p class='ocr_par' dir='ltr' id='par_1_2' title="bbox 193 461 1269 1032">
     <span class='ocr_line' id='line_1_2' title="bbox 193 461 1269 562; baseline 0.003 -27"><span class='ocrx_word' id='word_1_4' title='bbox 193 468 295 562; x_wconf 89' lang='lat' dir='ltr'><strong>jutor</strong></span> <span class='ocrx_word' id='word_1_5' title='bbox 312 463 472 536; x_wconf 83' lang='lat' dir='ltr'><strong>extiterit</strong></span> <span class='ocrx_word' id='word_1_6' title='bbox 495 461 645 535; x_wconf 86' lang='lat' dir='ltr'><strong>Ernaldi</strong></span> <span class='ocrx_word' id='word_1_7' title='bbox 662 462 706 536; x_wconf 91' lang='lat' dir='ltr'><strong>de</strong></span> <span class='ocrx_word' id='word_1_8' title='bbox 724 461 931 554; x_wconf 83' lang='lat' dir='ltr'><strong>Excalfoio,</strong></span> <span class='ocrx_word' id='word_1_9' title='bbox 949 462 1037 536; x_wconf 90' lang='lat' dir='ltr'><strong>dum</strong></span> <span class='ocrx_word' id='word_1_10' title='bbox 1058 465 1269 540; x_wconf 74' lang='lat' dir='ltr'><strong>incenderet</strong></span> 
     </span>
     <span class='ocr_line' id='line_1_3' title="bbox 198 579 1267 681; baseline 0.006 -28"><span class='ocrx_word' id='word_1_11' title='bbox 198 585 352 681; x_wconf 83' lang='lat' dir='ltr'><strong>burgum</strong></span> <span class='ocrx_word' id='word_1_12' title='bbox 377 607 515 654; x_wconf 89' lang='lat' dir='ltr'><strong>eorum.</strong></span> <span class='ocrx_word' id='word_1_13' title='bbox 544 581 594 652; x_wconf 87' lang='lat' dir='ltr'><strong>Et</strong></span> <span class='ocrx_word' id='word_1_14' title='bbox 618 579 802 653; x_wconf 87' lang='lat' dir='ltr'><strong>monachis</strong></span> <span class='ocrx_word' id='word_1_15' title='bbox 826 580 909 654; x_wconf 93' lang='lat' dir='ltr'><strong>inde</strong></span> <span class='ocrx_word' id='word_1_16' title='bbox 935 580 1192 657; x_wconf 79' lang='lat' dir='ltr'><strong>rectitudinem</strong></span> <span class='ocrx_word' id='word_1_17' title='bbox 1216 581 1267 659; x_wconf 78' lang='lat' dir='ltr'><strong>fr·</strong></span> 
     </span>
     <span class='ocr_line' id='line_1_4' title="bbox 197 696 1265 797; baseline 0.005 -27"><span class='ocrx_word' id='word_1_18' title='bbox 197 701 312 783; x_wconf 88' lang='lat' dir='ltr'><strong>ciens,</strong></span> <span class='ocrx_word' id='word_1_19' title='bbox 332 724 438 795; x_wconf 84' lang='lat' dir='ltr'><strong>super</strong></span> <span class='ocrx_word' id='word_1_20' title='bbox 458 696 568 770; x_wconf 87' lang='lat' dir='ltr'><strong>altare</strong></span> <span class='ocrx_word' id='word_1_21' title='bbox 585 696 831 769; x_wconf 88' lang='lat' dir='ltr'><strong>vadimonium</strong></span> <span class='ocrx_word' id='word_1_22' title='bbox 853 724 960 770; x_wconf 91' lang='lat' dir='ltr'><strong>suum</strong></span> <span class='ocrx_word' id='word_1_23' title='bbox 974 702 1118 797; x_wconf 89' lang='lat' dir='ltr'><strong>posuit,</strong></span> <span class='ocrx_word' id='word_1_24' title='bbox 1142 716 1181 774; x_wconf 89' lang='lat' dir='ltr'><strong>et</strong></span> <span class='ocrx_word' id='word_1_25' title='bbox 1201 699 1265 776; x_wconf 87' lang='lat' dir='ltr'><strong>de·</strong></span> 
     </span>
     <span class='ocr_line' id='line_1_5' title="bbox 196 811 1266 911; baseline 0.008 -29"><span class='ocrx_word' id='word_1_26' title='bbox 196 829 300 899; x_wconf 83' lang='lat' dir='ltr'><strong>vote,</strong></span> <span class='ocrx_word' id='word_1_27' title='bbox 320 813 347 884; x_wconf 90' lang='lat' dir='ltr'><strong>si</strong></span> <span class='ocrx_word' id='word_1_28' title='bbox 365 837 535 911; x_wconf 82' lang='lat' dir='ltr'><strong>prospere</strong></span> <span class='ocrx_word' id='word_1_29' title='bbox 553 828 746 899; x_wconf 85' lang='lat' dir='ltr'><strong>remearet,</strong></span> <span class='ocrx_word' id='word_1_30' title='bbox 763 811 876 884; x_wconf 85' lang='lat' dir='ltr'><strong>multa</strong></span> <span class='ocrx_word' id='word_1_31' title='bbox 894 814 1074 911; x_wconf 87' lang='lat' dir='ltr'><strong>promisit.</strong></span> <span class='ocrx_word' id='word_1_32' title='bbox 1095 813 1266 891; x_wconf 83' lang='lat' dir='ltr'><strong>Goisber·</strong></span> 
     </span>
     <span class='ocr_line' id='line_1_6' title="bbox 197 927 1262 1032; baseline 0.007 -32"><span class='ocrx_word' id='word_1_33' title='bbox 197 948 273 1002; x_wconf 83' lang='lat' dir='ltr'><strong>tum</strong></span> <span class='ocrx_word' id='word_1_34' title='bbox 290 957 435 1030; x_wconf 86' lang='lat' dir='ltr'><strong>quoque</strong></span> <span class='ocrx_word' id='word_1_35' title='bbox 455 927 632 1002; x_wconf 90' lang='lat' dir='ltr'><strong>medicum</strong></span> <span class='ocrx_word' id='word_1_36' title='bbox 651 956 755 1003; x_wconf 90' lang='lat' dir='ltr'><strong>suum</strong></span> <span class='ocrx_word' id='word_1_37' title='bbox 775 931 903 1029; x_wconf 89' lang='lat' dir='ltr'><strong>(quem</strong></span> <span class='ocrx_word' id='word_1_38' title='bbox 922 932 1079 1005; x_wconf 91' lang='lat' dir='ltr'><strong>multum</strong></span> <span class='ocrx_word' id='word_1_39' title='bbox 1101 933 1262 1032; x_wconf 82' lang='lat' dir='ltr'><strong>amabat)</strong></span> 
     </span>
    </p>
   </div>
   <div class='ocr_carea' id='block_1_3' title="bbox 146 1047 1293 3607">
    <p class='ocr_par' dir='ltr' id='par_1_3' title="bbox 146 1047 1293 3607">
     <span class='ocr_line' id='line_1_7' title="bbox 194 1047 1264 1149; baseline 0.006 -30"><span class='ocrx_word' id='word_1_40' title='bbox 194 1050 242 1120; x_wconf 82' lang='lat' dir='ltr'><strong>eis</strong></span> <span class='ocrx_word' id='word_1_41' title='bbox 260 1048 544 1135; x_wconf 80' lang='lat' dir='ltr'><strong>commendavit3</strong></span> <span class='ocrx_word' id='word_1_42' title='bbox 565 1047 628 1148; x_wconf 90' lang='lat' dir='ltr'><strong>qui</strong></span> <span class='ocrx_word' id='word_1_43' title='bbox 648 1065 730 1146; x_wconf 87' lang='lat' dir='ltr'><strong>post</strong></span> <span class='ocrx_word' id='word_1_44' title='bbox 746 1048 1013 1147; x_wconf 84' lang='lat' dir='ltr'><strong>profectionem</strong></span> <span class='ocrx_word' id='word_1_45' title='bbox 1029 1053 1105 1149; x_wconf 84' lang='lat' dir='ltr'><strong>ejus</strong></span> <span class='ocrx_word' id='word_1_46' title='bbox 1120 1078 1140 1125; x_wconf 91' lang='lat' dir='ltr'><strong>e</strong></span> <span class='ocrx_word' id='word_1_47' title='bbox 1158 1052 1264 1127; x_wconf 82' lang='lat' dir='ltr'><strong>vesti·</strong></span> 
     </span>
     <span class='ocr_line' id='line_1_8' title="bbox 192 1165 1264 1270; baseline 0.005 -31"><span class='ocrx_word' id='word_1_48' title='bbox 192 1169 253 1263; x_wconf 73' lang='lat' dir='ltr'><strong>gio</strong></span> <span class='ocrx_word' id='word_1_49' title='bbox 269 1165 508 1240; x_wconf 83' lang='lat' dir='ltr'><strong>monachilem</strong></span> <span class='ocrx_word' id='word_1_50' title='bbox 525 1165 616 1238; x_wconf 90' lang='lat' dir='ltr'><strong>inibi</strong></span> <span class='ocrx_word' id='word_1_51' title='bbox 634 1166 894 1264; x_wconf 86' lang='lat' dir='ltr'><strong>professionem</strong></span> <span class='ocrx_word' id='word_1_52' title='bbox 913 1166 1016 1254; x_wconf 84' lang='lat' dir='ltr'><strong>fecit,</strong></span> <span class='ocrx_word' id='word_1_53' title='bbox 1035 1185 1074 1242; x_wconf 88' lang='lat' dir='ltr'><strong>et</strong></span> <span class='ocrx_word' id='word_1_54' title='bbox 1090 1194 1207 1270; x_wconf 87' lang='lat' dir='ltr'><strong>usque</strong></span> <span class='ocrx_word' id='word_1_55' title='bbox 1220 1167 1264 1244; x_wconf 77' lang='lat' dir='ltr'><strong>rd</strong></span> 
     </span>
     <span class='ocr_line' id='line_1_9' title="bbox 195 1281 1263 1372; baseline 0.006 -18"><span class='ocrx_word' id='word_1_56' title='bbox 195 1284 303 1356; x_wconf 87' lang='lat' dir='ltr'><strong>linem</strong></span> <span class='ocrx_word' id='word_1_57' title='bbox 316 1282 399 1355; x_wconf 80' lang='lat' dir='ltr'><strong>vitae</strong></span> <span class='ocrx_word' id='word_1_58' title='bbox 413 1281 488 1356; x_wconf 90' lang='lat' dir='ltr'><strong>fere</strong></span> <span class='ocrx_word' id='word_1_59' title='bbox 501 1307 578 1355; x_wconf 89' lang='lat' dir='ltr'><strong>xxx</strong></span> <span class='ocrx_word' id='word_1_60' title='bbox 594 1282 698 1354; x_wconf 83' lang='lat' dir='ltr'><strong>annis</strong></span> <span class='ocrx_word' id='word_1_61' title='bbox 709 1298 854 1356; x_wconf 89' lang='lat' dir='ltr'><strong>strenue</strong></span> <span class='ocrx_word' id='word_1_62' title='bbox 867 1281 1073 1357; x_wconf 85' lang='lat' dir='ltr'><strong>custodivit.</strong></span> <span class='ocrx_word' id='word_1_63' title='bbox 1087 1283 1263 1372; x_wconf 77' lang='lat' dir='ltr'><strong>Praefsttu</strong></span> 
     </span>
     <span class='ocr_line' id='line_1_10' title="bbox 195 1396 1264 1501; baseline 0.003 -31"><span class='ocrx_word' id='word_1_64' title='bbox 195 1400 299 1472; x_wconf 84' lang='lat' dir='ltr'><strong>heros</strong></span> <span class='ocrx_word' id='word_1_65' title='bbox 315 1413 397 1498; x_wconf 89' lang='lat' dir='ltr'><strong>post</strong></span> <span class='ocrx_word' id='word_1_66' title='bbox 413 1396 560 1499; x_wconf 84' lang='lat' dir='ltr'><strong>aliquod</strong></span> <span class='ocrx_word' id='word_1_67' title='bbox 575 1412 714 1497; x_wconf 90' lang='lat' dir='ltr'><strong>tempus</strong></span> <span class='ocrx_word' id='word_1_68' title='bbox 733 1399 883 1473; x_wconf 89' lang='lat' dir='ltr'><strong>domum</strong></span> <span class='ocrx_word' id='word_1_69' title='bbox 900 1399 1030 1490; x_wconf 87' lang='lat' dir='ltr'><strong>rediit,</strong></span> <span class='ocrx_word' id='word_1_70' title='bbox 1051 1425 1264 1501; x_wconf 83' lang='lat' dir='ltr'><strong>memorque</strong></span> 
     </span>
     <span class='ocr_line' id='line_1_11' title="bbox 146 1515 1263 1620; baseline 0.003 -33"><span class='ocrx_word' id='word_1_71' title='bbox 146 1557 149 1564; x_wconf 95' lang='lat'>·</span> <span class='ocrx_word' id='word_1_72' title='bbox 193 1517 394 1614; x_wconf 84' lang='lat' dir='ltr'><strong>sponsionis</strong></span> <span class='ocrx_word' id='word_1_73' title='bbox 415 1543 488 1588; x_wconf 81' lang='lat' dir='ltr'><strong>suae</strong></span> <span class='ocrx_word' id='word_1_74' title='bbox 504 1516 651 1589; x_wconf 90' lang='lat' dir='ltr'><strong>Uticum</strong></span> <span class='ocrx_word' id='word_1_75' title='bbox 671 1518 788 1605; x_wconf 87' lang='lat' dir='ltr'><strong>venit,</strong></span> <span class='ocrx_word' id='word_1_76' title='bbox 811 1532 847 1590; x_wconf 91' lang='lat' dir='ltr'><strong>et</strong></span> <span class='ocrx_word' id='word_1_77' title='bbox 864 1515 950 1591; x_wconf 91' lang='lat' dir='ltr'><strong>duas</strong></span> <span class='ocrx_word' id='word_1_78' title='bbox 968 1518 1157 1591; x_wconf 85' lang='lat' dir='ltr'><strong>vinearum</strong></span> <span class='ocrx_word' id='word_1_79' title='bbox 1173 1519 1263 1620; x_wconf 83' lang='lat' dir='ltr'><strong>agri·</strong></span> 
     </span>
     <span class='ocr_line' id='line_1_12' title="bbox 195 1631 1261 1732; baseline 0.002 -26"><span class='ocrx_word' id='word_1_80' title='bbox 195 1660 351 1732; x_wconf 87' lang='lat' dir='ltr'><strong>pennas,</strong></span> <span class='ocrx_word' id='word_1_81' title='bbox 380 1660 467 1732; x_wconf 89' lang='lat' dir='ltr'><strong>quas</strong></span> <span class='ocrx_word' id='word_1_82' title='bbox 490 1632 584 1732; x_wconf 86' lang='lat' dir='ltr'><strong>apud</strong></span> <span class='ocrx_word' id='word_1_83' title='bbox 607 1634 783 1708; x_wconf 84' lang='lat' dir='ltr'><strong>Toeniam</strong></span> <span class='ocrx_word' id='word_1_84' title='bbox 810 1635 867 1732; x_wconf 85' lang='grc' dir='ltr'><strong>(ι)</strong></span> <span class='ocrx_word' id='word_1_85' title='bbox 893 1631 1063 1722; x_wconf 87' lang='lat' dir='ltr'><strong>habebat,</strong></span> <span class='ocrx_word' id='word_1_86' title='bbox 1092 1633 1137 1707; x_wconf 82' lang='lat' dir='ltr'><strong>ad</strong></span> <span class='ocrx_word' id='word_1_87' title='bbox 1160 1661 1261 1708; x_wconf 86' lang='lat' dir='ltr'><strong>usum</strong></span> 
     </span>
     <span class='ocr_line' id='line_1_13' title="bbox 197 1747 1263 1851; baseline 0.005 -32"><span class='ocrx_word' id='word_1_88' title='bbox 197 1751 383 1820; x_wconf 88' lang='lat' dir='ltr'><strong>missarum</strong></span> <span class='ocrx_word' id='word_1_89' title='bbox 418 1750 455 1820; x_wconf 91' lang='lat' dir='ltr'><strong>S.</strong></span> <span class='ocrx_word' id='word_1_90' title='bbox 493 1747 649 1822; x_wconf 85' lang='lat' dir='ltr'><strong>Ebrulso</strong></span> <span class='ocrx_word' id='word_1_91' title='bbox 684 1749 795 1823; x_wconf 84' lang='lat' dir='ltr'><strong>dedit.</strong></span> <span class='ocrx_word' id='word_1_92' title='bbox 837 1749 978 1823; x_wconf 84' lang='lat' dir='ltr'><strong>Annuit</strong></span> <span class='ocrx_word' id='word_1_93' title='bbox 1013 1751 1123 1824; x_wconf 87' lang='lat' dir='ltr'><strong>etiam</strong></span> <span class='ocrx_word' id='word_1_94' title='bbox 1156 1749 1263 1851; x_wconf 86' lang='lat' dir='ltr'><strong>qnid·</strong></span> 
     </span>
     <span class='ocr_line' id='line_1_14' title="bbox 194 1864 1262 1967; baseline 0 -28"><span class='ocrx_word' id='word_1_95' title='bbox 194 1867 282 1967; x_wconf 90' lang='lat' dir='ltr'><strong>quid</strong></span> <span class='ocrx_word' id='word_1_96' title='bbox 310 1866 354 1939; x_wconf 88' lang='lat' dir='ltr'><strong>ad</strong></span> <span class='ocrx_word' id='word_1_97' title='bbox 380 1865 662 1941; x_wconf 77' lang='lat' dir='ltr'><strong>Guarlenrillam</strong></span> <span class='ocrx_word' id='word_1_98' title='bbox 680 1864 864 1940; x_wconf 88' lang='lat' dir='ltr'><strong>habebat:</strong></span> <span class='ocrx_word' id='word_1_99' title='bbox 898 1882 1031 1940; x_wconf 87' lang='lat' dir='ltr'><strong>terram</strong></span> <span class='ocrx_word' id='word_1_100' title='bbox 1060 1867 1262 1941; x_wconf 85' lang='lat' dir='ltr'><strong>scilicetne</strong></span> 
     </span>
     <span class='ocr_line' id='line_1_15' title="bbox 193 1982 1260 2083; baseline 0.001 -29"><span class='ocrx_word' id='word_1_101' title='bbox 193 1984 424 2083; x_wconf 68' lang='lat' dir='ltr'><strong>pasnagium</strong></span> <span class='ocrx_word' id='word_1_102' title='bbox 458 1984 505 2056; x_wconf 90' lang='lat' dir='ltr'><strong>ita</strong></span> <span class='ocrx_word' id='word_1_103' title='bbox 538 1998 581 2054; x_wconf 89' lang='lat' dir='ltr'><strong>ut</strong></span> <span class='ocrx_word' id='word_1_104' title='bbox 617 1983 777 2083; x_wconf 87' lang='lat' dir='ltr'><strong>primum</strong></span> <span class='ocrx_word' id='word_1_105' title='bbox 807 1983 1014 2082; x_wconf 84' lang='lat' dir='ltr'><strong>pasnagium</strong></span> <span class='ocrx_word' id='word_1_106' title='bbox 1044 1982 1260 2057; x_wconf 80' lang='lat' dir='ltr'><strong>famulorum</strong></span> 
     </span>
     <span class='ocr_line' id='line_1_16' title="bbox 191 2099 1260 2190; baseline 0 -16"><span class='ocrx_word' id='word_1_107' title='bbox 191 2128 267 2176; x_wconf 88' lang='lat' dir='ltr'><strong>uon</strong></span> <span class='ocrx_word' id='word_1_108' title='bbox 295 2102 460 2190; x_wconf 85' lang='lat' dir='ltr'><strong>daretur,</strong></span> <span class='ocrx_word' id='word_1_109' title='bbox 488 2102 685 2175; x_wconf 90' lang='lat' dir='ltr'><strong>secundum</strong></span> <span class='ocrx_word' id='word_1_110' title='bbox 711 2126 798 2175; x_wconf 83' lang='lat' dir='ltr'><strong>vero</strong></span> <span class='ocrx_word' id='word_1_111' title='bbox 826 2099 884 2174; x_wconf 87' lang='lat' dir='ltr'><strong>vel</strong></span> <span class='ocrx_word' id='word_1_112' title='bbox 916 2100 1063 2174; x_wconf 89' lang='lat' dir='ltr'><strong>tertium</strong></span> <span class='ocrx_word' id='word_1_113' title='bbox 1095 2099 1260 2190; x_wconf 83' lang='lat' dir='ltr'><strong>duretur,</strong></span> 
     </span>
     <span class='ocr_line' id='line_1_17' title="bbox 191 2218 1263 2294; baseline 0.001 -2"><span class='ocrx_word' id='word_1_114' title='bbox 191 2220 454 2294; x_wconf 90' lang='lat' dir='ltr'><strong>monachornm</strong></span> <span class='ocrx_word' id='word_1_115' title='bbox 481 2236 601 2293; x_wconf 87' lang='lat' dir='ltr'><strong>autem</strong></span> <span class='ocrx_word' id='word_1_116' title='bbox 631 2219 775 2294; x_wconf 90' lang='lat' dir='ltr'><strong>nullum</strong></span> <span class='ocrx_word' id='word_1_117' title='bbox 800 2218 963 2292; x_wconf 78' lang='lat' dir='ltr'><strong>dareturt</strong></span> <span class='ocrx_word' id='word_1_118' title='bbox 989 2224 1167 2293; x_wconf 74' lang='lat' dir='ltr'><strong>Praeterea</strong></span> <span class='ocrx_word' id='word_1_119' title='bbox 1194 2234 1263 2292; x_wconf 78' lang='lat' dir='ltr'><strong>tres</strong></span> 
     </span>
     <span class='ocr_line' id='line_1_18' title="bbox 192 2333 1263 2437; baseline -0.002 -28"><span class='ocrx_word' id='word_1_120' title='bbox 192 2339 348 2437; x_wconf 86' lang='lat' dir='ltr'><strong>hospites</strong></span> <span class='ocrx_word' id='word_1_121' title='bbox 375 2336 559 2410; x_wconf 88' lang='lat' dir='ltr'><strong>monachis</strong></span> <span class='ocrx_word' id='word_1_122' title='bbox 586 2335 719 2410; x_wconf 88' lang='lat' dir='ltr'><strong>dedit:</strong></span> <span class='ocrx_word' id='word_1_123' title='bbox 753 2362 869 2408; x_wconf 89' lang='lat' dir='ltr'><strong>unum</strong></span> <span class='ocrx_word' id='word_1_124' title='bbox 900 2333 1077 2421; x_wconf 87' lang='lat' dir='ltr'><strong>Conchis,</strong></span> <span class='ocrx_word' id='word_1_125' title='bbox 1110 2335 1263 2408; x_wconf 85' lang='lat' dir='ltr'><strong>alterum</strong></span> 
     </span>
     <span class='ocr_line' id='line_1_19' title="bbox 193 2451 1264 2552; baseline 0 -25"><span class='ocrx_word' id='word_1_126' title='bbox 193 2455 360 2541; x_wconf 87' lang='lat' dir='ltr'><strong>Toeniae,</strong></span> <span class='ocrx_word' id='word_1_127' title='bbox 398 2456 547 2527; x_wconf 90' lang='lat' dir='ltr'><strong>tertium</strong></span> <span class='ocrx_word' id='word_1_128' title='bbox 575 2478 662 2526; x_wconf 81' lang='lat' dir='ltr'><strong>vero</strong></span> <span class='ocrx_word' id='word_1_129' title='bbox 689 2451 892 2527; x_wconf 86' lang='lat' dir='ltr'><strong>Achinneio</strong></span> <span class='ocrx_word' id='word_1_130' title='bbox 928 2453 1014 2550; x_wconf 85' lang='lat'><strong>(2),</strong></span> <span class='ocrx_word' id='word_1_131' title='bbox 1046 2478 1158 2552; x_wconf 89' lang='lat' dir='ltr'><strong>quem</strong></span> <span class='ocrx_word' id='word_1_132' title='bbox 1192 2453 1264 2527; x_wconf 86' lang='lat' dir='ltr'><strong>Ge·</strong></span> 
     </span>
     <span class='ocr_line' id='line_1_20' title="bbox 194 2569 1264 2669; baseline -0.001 -25"><span class='ocrx_word' id='word_1_133' title='bbox 194 2572 317 2645; x_wconf 87' lang='lat' dir='ltr'><strong>roldus</strong></span> <span class='ocrx_word' id='word_1_134' title='bbox 342 2571 585 2645; x_wconf 86' lang='lat' dir='ltr'><strong>Guastinellus</strong></span> <span class='ocrx_word' id='word_1_135' title='bbox 612 2571 656 2645; x_wconf 89' lang='lat' dir='ltr'><strong>de</strong></span> <span class='ocrx_word' id='word_1_136' title='bbox 682 2596 725 2644; x_wconf 92' lang='lat' dir='ltr'><strong>eo</strong></span> <span class='ocrx_word' id='word_1_137' title='bbox 758 2586 944 2658; x_wconf 89' lang='lat' dir='ltr'><strong>tenuerat,</strong></span> <span class='ocrx_word' id='word_1_138' title='bbox 974 2587 1011 2644; x_wconf 90' lang='lat' dir='ltr'><strong>et</strong></span> <span class='ocrx_word' id='word_1_139' title='bbox 1038 2569 1148 2644; x_wconf 84' lang='lat' dir='ltr'><strong>beato</strong></span> <span class='ocrx_word' id='word_1_140' title='bbox 1172 2569 1264 2669; x_wconf 74' lang='lat' dir='ltr'><strong>patri</strong></span> 
     </span>
     <span class='ocr_line' id='line_1_21' title="bbox 194 2686 1264 2788; baseline 0.001 -28"><span class='ocrx_word' id='word_1_141' title='bbox 194 2688 347 2761; x_wconf 86' lang='lat' dir='ltr'><strong>Ebrullo</strong></span> <span class='ocrx_word' id='word_1_142' title='bbox 370 2703 499 2787; x_wconf 87' lang='lat' dir='ltr'><strong>sponte</strong></span> <span class='ocrx_word' id='word_1_143' title='bbox 519 2686 676 2761; x_wconf 77' lang='lat' dir='ltr'><strong>dederat.</strong></span> <span class='ocrx_word' id='word_1_144' title='bbox 699 2686 799 2762; x_wconf 89' lang='lat' dir='ltr'><strong>ldem</strong></span> <span class='ocrx_word' id='word_1_145' title='bbox 822 2686 1001 2762; x_wconf 84' lang='lat' dir='ltr'><strong>Rodnlfus</strong></span> <span class='ocrx_word' id='word_1_146' title='bbox 1022 2703 1104 2787; x_wconf 85' lang='lat' dir='ltr'><strong>post</strong></span> <span class='ocrx_word' id='word_1_147' title='bbox 1127 2688 1264 2788; x_wconf 85' lang='lat' dir='ltr'><strong>aliquot</strong></span> 
     </span>
     <span class='ocr_line' id='line_1_22' title="bbox 193 2803 1262 2905; baseline 0 -29"><span class='ocrx_word' id='word_1_148' title='bbox 193 2804 550 2879; x_wconf 87' lang='lat' dir='ltr'><strong>annosGoishertum</strong></span> <span class='ocrx_word' id='word_1_149' title='bbox 561 2804 781 2878; x_wconf 86' lang='lat' dir='ltr'><strong>monachum</strong></span> <span class='ocrx_word' id='word_1_150' title='bbox 791 2805 828 2877; x_wconf 94' lang='lat' dir='ltr'><strong>in</strong></span> <span class='ocrx_word' id='word_1_151' title='bbox 839 2804 1007 2905; x_wconf 84' lang='lat' dir='ltr'><strong>Angliam</strong></span> <span class='ocrx_word' id='word_1_152' title='bbox 1016 2803 1262 2893; x_wconf 88' lang='lat' dir='ltr'><strong>secumdnxit,</strong></span> 
     </span>
     <span class='ocr_line' id='line_1_23' title="bbox 195 2918 1265 3019; baseline 0 -25"><span class='ocrx_word' id='word_1_153' title='bbox 195 2946 309 3019; x_wconf 85' lang='lat' dir='ltr'><strong>eoque</strong></span> <span class='ocrx_word' id='word_1_154' title='bbox 326 2935 545 3019; x_wconf 86' lang='lat' dir='ltr'><strong>procurante</strong></span> <span class='ocrx_word' id='word_1_155' title='bbox 562 2919 748 2994; x_wconf 87' lang='lat' dir='ltr'><strong>monachis</strong></span> <span class='ocrx_word' id='word_1_156' title='bbox 762 2918 991 2996; x_wconf 83' lang='lat' dir='ltr'><strong>Uticensibus</strong></span> <span class='ocrx_word' id='word_1_157' title='bbox 1008 2922 1094 2994; x_wconf 82' lang='lat' dir='ltr'><strong>duas</strong></span> <span class='ocrx_word' id='word_1_158' title='bbox 1111 2921 1265 2994; x_wconf 86' lang='lat' dir='ltr'><strong>mansio·</strong></span> 
     </span>
     <span class='ocr_line' id='line_1_24' title="bbox 196 3035 1265 3137; baseline -0.001 -27"><span class='ocrx_word' id='word_1_159' title='bbox 196 3064 258 3111; x_wconf 87' lang='lat' dir='ltr'><strong>nes</strong></span> <span class='ocrx_word' id='word_1_160' title='bbox 271 3035 369 3110; x_wconf 89' lang='lat' dir='ltr'><strong>dedit</strong></span> <span class='ocrx_word' id='word_1_161' title='bbox 388 3067 396 3108; x_wconf 72' lang='grc' dir='ltr'><em>ι</em></span> <span class='ocrx_word' id='word_1_162' title='bbox 417 3063 526 3110; x_wconf 91' lang='lat' dir='ltr'><strong>unam</strong></span> <span class='ocrx_word' id='word_1_163' title='bbox 539 3037 676 3110; x_wconf 90' lang='lat' dir='ltr'><strong>scilicet</strong></span> <span class='ocrx_word' id='word_1_164' title='bbox 689 3038 726 3110; x_wconf 94' lang='lat' dir='ltr'><strong>in</strong></span> <span class='ocrx_word' id='word_1_165' title='bbox 743 3036 913 3127; x_wconf 86' lang='lat' dir='ltr'><strong>Nortfuc,</strong></span> <span class='ocrx_word' id='word_1_166' title='bbox 931 3064 1014 3137; x_wconf 81' lang='lat' dir='ltr'><strong>quae</strong></span> <span class='ocrx_word' id='word_1_167' title='bbox 1029 3053 1181 3112; x_wconf 73' lang='lat' dir='ltr'><strong>vocatur</strong></span> <span class='ocrx_word' id='word_1_168' title='bbox 1191 3037 1265 3110; x_wconf 85' lang='lat' dir='ltr'><strong>Gal·</strong></span> 
     </span>
     <span class='ocr_line' id='line_1_25' title="bbox 195 3154 1262 3256; baseline 0.001 -29"><span class='ocrx_word' id='word_1_169' title='bbox 195 3154 321 3228; x_wconf 80' lang='lat' dir='ltr'><strong>‹lecota</strong></span> <span class='ocrx_word' id='word_1_170' title='bbox 333 3156 406 3253; x_wconf 80' lang='lat'>(3);</span> <span class='ocrx_word' id='word_1_171' title='bbox 419 3154 567 3228; x_wconf 85' lang='lat' dir='ltr'><strong>alteram</strong></span> <span class='ocrx_word' id='word_1_172' title='bbox 581 3181 669 3229; x_wconf 84' lang='lat' dir='ltr'><strong>vero</strong></span> <span class='ocrx_word' id='word_1_173' title='bbox 687 3156 724 3227; x_wconf 89' lang='lat' dir='ltr'><strong>in</strong></span> <span class='ocrx_word' id='word_1_174' title='bbox 738 3156 974 3256; x_wconf 84' lang='lat' dir='ltr'><strong>Wigornensi</strong></span> <span class='ocrx_word' id='word_1_175' title='bbox 992 3156 1181 3255; x_wconf 86' lang='lat' dir='ltr'><strong>provincia</strong></span> <span class='ocrx_word' id='word_1_176' title='bbox 1195 3155 1262 3254; x_wconf 72' lang='lat'>(4),</span> 
     </span>
     <span class='ocr_line' id='line_1_26' title="bbox 197 3273 1278 3374; baseline 0.002 -29"><span class='ocrx_word' id='word_1_177' title='bbox 197 3300 280 3374; x_wconf 85' lang='lat' dir='ltr'><strong>quae</strong></span> <span class='ocrx_word' id='word_1_178' title='bbox 302 3273 436 3345; x_wconf 89' lang='lat' dir='ltr'><strong>dicitur</strong></span> <span class='ocrx_word' id='word_1_179' title='bbox 456 3273 680 3349; x_wconf 83' lang='lat' dir='ltr'><strong>Alwintona.</strong></span> <span class='ocrx_word' id='word_1_180' title='bbox 709 3274 796 3346; x_wconf 77' lang='lat' dir='ltr'><strong>Haec</strong></span> <span class='ocrx_word' id='word_1_181' title='bbox 821 3274 943 3348; x_wconf 87' lang='lat' dir='ltr'><strong>omnia</strong></span> <span class='ocrx_word' id='word_1_182' title='bbox 965 3273 1180 3347; x_wconf 84' lang='lat' dir='ltr'><strong>Gnillelmus</strong></span> <span class='ocrx_word' id='word_1_183' title='bbox 1202 3298 1278 3347; x_wconf 70' lang='lat' dir='ltr'><strong>rer.</strong></span> 
     </span>
     <span class='ocr_line' id='line_1_27' title="bbox 197 3386 1285 3489; baseline -0.001 -28"><span class='ocrx_word' id='word_1_184' title='bbox 197 3390 390 3480; x_wconf 85' lang='lat' dir='ltr'><strong>concessit,</strong></span> <span class='ocrx_word' id='word_1_185' title='bbox 417 3404 453 3463; x_wconf 90' lang='lat' dir='ltr'><strong>et</strong></span> <span class='ocrx_word' id='word_1_186' title='bbox 481 3391 518 3462; x_wconf 90' lang='lat' dir='ltr'><strong>in</strong></span> <span class='ocrx_word' id='word_1_187' title='bbox 547 3405 643 3462; x_wconf 86' lang='lat' dir='ltr'><strong>carta</strong></span> <span class='ocrx_word' id='word_1_188' title='bbox 672 3415 795 3463; x_wconf 90' lang='lat' dir='ltr'><strong>coram</strong></span> <span class='ocrx_word' id='word_1_189' title='bbox 820 3387 1033 3488; x_wconf 87' lang='lat' dir='ltr'><strong>proceribus</strong></span> <span class='ocrx_word' id='word_1_190' title='bbox 1060 3389 1132 3462; x_wconf 89' lang='lat' dir='ltr'><strong>suis</strong></span> <span class='ocrx_word' id='word_1_191' title='bbox 1157 3386 1285 3489; x_wconf 62' lang='lat' dir='ltr'><strong>reguli</strong></span> 
     </span>
     <span class='ocr_line' id='line_1_28' title="bbox 196 3505 1293 3607; baseline 0 -27"><span class='ocrx_word' id='word_1_192' title='bbox 196 3508 408 3582; x_wconf 83' lang='lat' dir='ltr'><strong>auctoritate</strong></span> <span class='ocrx_word' id='word_1_193' title='bbox 430 3507 672 3582; x_wconf 85' lang='lat' dir='ltr'><strong>confirmavit.</strong></span> <span class='ocrx_word' id='word_1_194' title='bbox 697 3506 884 3583; x_wconf 78' lang='lat' dir='ltr'><strong>Elimbeth</strong></span> <span class='ocrx_word' id='word_1_195' title='bbox 902 3508 1010 3582; x_wconf 84' lang='lat' dir='ltr'><strong>etiam</strong></span> <span class='ocrx_word' id='word_1_196' title='bbox 1030 3505 1172 3607; x_wconf 73' lang='lat' dir='ltr'><strong>prefati</strong></span> <span class='ocrx_word' id='word_1_197' title='bbox 1195 3506 1293 3580; x_wconf 86' lang='lat' dir='ltr'><strong>mi·</strong></span> 
     </span>
    </p>
   </div>
   <div class='ocr_carea' id='block_1_4' title="bbox 231 3778 1249 4121">
    <p class='ocr_par' dir='ltr' id='par_1_4' title="bbox 231 3778 387 3849">
     <span class='ocr_line' id='line_1_29' title="bbox 231 3778 387 3849; baseline -0.013 -16"><span class='ocrx_word' id='word_1_198' title='bbox 231 3782 269 3849; x_wconf 80' lang='grc' dir='ltr'><strong>(ι)</strong></span> <span class='ocrx_word' id='word_1_199' title='bbox 287 3778 387 3833; x_wconf 84' lang='lat' dir='ltr'><strong>Toeni.</strong></span> 
     </span>
    </p>

    <p class='ocr_par' dir='ltr' id='par_1_5' title="bbox 231 3867 436 3941">
     <span class='ocr_line' id='line_1_30' title="bbox 231 3867 436 3941; baseline -0.015 -19"><span class='ocrx_word' id='word_1_200' title='bbox 231 3870 268 3938; x_wconf 74' lang='grc' dir='ltr'><strong>(α)</strong></span> <span class='ocrx_word' id='word_1_201' title='bbox 288 3867 436 3941; x_wconf 80' lang='lat' dir='ltr'><strong>Aequigni.</strong></span> 
     </span>
    </p>

    <p class='ocr_par' dir='ltr' id='par_1_6' title="bbox 232 3955 713 4028">
     <span class='ocr_line' id='line_1_31' title="bbox 232 3955 713 4028; baseline 0 -19"><span class='ocrx_word' id='word_1_202' title='bbox 232 3955 269 4028; x_wconf 80' lang='lat'><strong>(3)</strong></span> <span class='ocrx_word' id='word_1_203' title='bbox 289 3956 450 4023; x_wconf 82' lang='lat' dir='ltr'><strong>Caldecote,</strong></span> <span class='ocrx_word' id='word_1_204' title='bbox 466 3955 534 4010; x_wconf 86' lang='lat' dir='ltr'><strong>dans</strong></span> <span class='ocrx_word' id='word_1_205' title='bbox 548 3955 573 4009; x_wconf 91' lang='lat' dir='ltr'><strong>le</strong></span> <span class='ocrx_word' id='word_1_206' title='bbox 586 3955 713 4013; x_wconf 84' lang='lat' dir='ltr'><strong>Norsolk.</strong></span> 
     </span>
    </p>

    <p class='ocr_par' dir='ltr' id='par_1_7' title="bbox 231 4043 1249 4121">
     <span class='ocr_line' id='line_1_32' title="bbox 231 4043 1249 4121; baseline -0.001 -24"><span class='ocrx_word' id='word_1_207' title='bbox 231 4046 268 4113; x_wconf 71' lang='lat' dir='ltr'><strong>(l)</strong></span> <span class='ocrx_word' id='word_1_208' title='bbox 287 4045 474 4114; x_wconf 80' lang='lat' dir='ltr'><strong>Aujourd&#39;hui</strong></span> <span class='ocrx_word' id='word_1_209' title='bbox 490 4045 588 4115; x_wconf 82' lang='lat' dir='ltr'><strong>Alton,</strong></span> <span class='ocrx_word' id='word_1_210' title='bbox 604 4046 672 4101; x_wconf 83' lang='lat' dir='ltr'><strong>dans</strong></span> <span class='ocrx_word' id='word_1_211' title='bbox 683 4048 709 4102; x_wconf 90' lang='lat' dir='ltr'><strong>la</strong></span> <span class='ocrx_word' id='word_1_212' title='bbox 720 4048 840 4121; x_wconf 81' lang='lat' dir='ltr'><strong>paroisse</strong></span> <span class='ocrx_word' id='word_1_213' title='bbox 853 4046 888 4102; x_wconf 88' lang='lat' dir='ltr'><strong>de</strong></span> <span class='ocrx_word' id='word_1_214' title='bbox 898 4046 976 4102; x_wconf 86' lang='lat' dir='ltr'><strong>Nock</strong></span> <span class='ocrx_word' id='word_1_215' title='bbox 991 4043 1249 4117; x_wconf 62' lang='lat' dir='ltr'><strong>(worcestershire).</strong></span> 
     </span>
    </p>
   </div>
   <div class='ocr_carea' id='block_1_5' title="bbox 0 0 1462 4980">
    <p class='ocr_par' dir='ltr' id='par_1_8' title="bbox 0 0 1462 4980">
     <span class='ocr_line' id='line_1_33' title="bbox 0 0 1462 4980; baseline 0 0"><span class='ocrx_word' id='word_1_216' title='bbox 0 0 1462 4980; x_wconf 95' lang='lat' dir='ltr'><strong> </strong></span> 
     </span>
    </p>
   </div>
  </div>
 </body>
</html>
