2910 4980
189 395 352 474 [699-714]
561 394 678 456 LIBER
699 396 891 471 QUARTUS.
1193 405 1253 464 273

240 515 432 611 Quondam
445 513 532 587 dum
545 515 716 613 praelatus
730 516 921 589 Willridus
934 517 1073 590 exulem
1091 517 1255 601 Edelbal-

189 629 278 705 dum
290 633 342 727 (ι)
358 629 402 703 ad
418 627 603 703 hominem
615 629 677 703 Dei
697 627 916 717 adduxisset,
932 632 1160 735 manicasque
1177 661 1256 708 suas

192 751 231 823 in
251 750 332 824 navi
356 774 426 848 qna
448 749 584 821 advecti
602 747 764 834 fuerant,
785 745 920 820 oblitus
945 746 1090 839 fuisset,
1106 738 1257 850 ¹rapaces

192 867 293 939 corvi
302 881 512 963 rapuerunt.
524 864 630 957 Quod
640 890 726 940 mox
737 865 877 954 virDei,
894 865 1119 943 investibulo
1128 868 1257 944 domus

192 980 334 1070 sedens,
351 981 388 1053 in
400 981 531 1080 spiritu
548 981 610 1054 Dei
628 981 792 1080 agnovit,
809 997 846 1052 et
859 982 954 1053 inter
968 981 1147 1084 colloquia
1163 985 1258 1058 Wil-

193 1097 290 1174 lrido
309 1098 508 1184 intimavit,
531 1123 597 1171 nec
622 1096 740 1169 multo
759 1113 841 1194 post
862 1098 996 1171 virtute
1015 1098 1097 1173 fidei
1119 1118 1156 1173 et
1176 1129 1260 1176 ora-

194 1215 305 1288 tionis
322 1215 478 1314 gementi
497 1240 564 1312 pro
581 1213 714 1289 damno
731 1215 955 1285 restauravit.
1123 1298 1126 1303 ⁵

245 1328 478 1418 Wehtredus,
488 1329 788 1430 inclytusjuvcnis
795 1328 1035 1402 Orientalium
1042 1330 1241 1434 Anglorum
1246 1389 1257 1424 ,

196 1447 408 1527 adaemonio
422 1449 562 1520 invasus
578 1463 650 1534 est,
670 1461 707 1519 et
719 1462 876 1546 quatuor
892 1450 994 1521 annis
1010 1446 1262 1555 misegabilitd'r

196 1580 344 1639 vexatus
364 1581 429 1639 est.
450 1566 496 1637 Se
518 1582 554 1638 et
576 1590 824 1664 quoscumque
845 1582 986 1663 poterat
1002 1567 1121 1667 ligno,
1142 1570 1259 1659 ferro,

196 1679 376 1781 unguibus
393 1697 430 1754 et
448 1679 616 1753 dentibus
636 1679 804 1752 laniabat.
827 1680 1018 1772 Quondam
1033 1682 1120 1757 dum
1134 1686 1263 1759 multi-

198 1797 287 1872 tudo
301 1797 403 1871 illum
419 1798 528 1898 ligare
547 1813 713 1886 tentaret,
736 1814 876 1896 arrepta
895 1797 1062 1898 bipenne·
1072 1817 1144 1875 tres
1164 1805 1262 1878 viros

196 1915 344 1990 occidit.
359 1917 444 1989 Post
460 1932 617 2016 quatuor
629 1941 743 1987 annos
759 1915 990 2002 Crulandiam
1004 1918 1176 1994 adductus
1189 1940 1260 2012 est,

196 2057 306 2130 quem
324 2033 380 2103 vir
397 2031 460 2104 Dei
483 2057 592 2104 manu
614 2030 809 2128 arripiens,
829 2031 925 2102 intra
942 2034 1143 2113 oratorium
1157 2063 1262 2110 suum

197 2146 323 2237 duxit,
352 2164 389 2221 et
412 2148 507 2235 illic,
537 2148 719 2221 continuis
746 2146 862 2219 tribus
891 2147 1016 2222 diebus
1036 2154 1199 2250 jejunans
1226 2172 1262 2228 et

190 2290 326 2351 orans,
354 2263 399 2336 ab
418 2266 518 2337 omni
545 2262 795 2364 inquietudine
815 2264 963 2364 maligni
983 2268 1129 2367 spiritus
1152 2295 1262 2343 eura-

190 2381 263 2481 vjt.

245 2498 362 2601 Egga,
381 2499 522 2599 praelati
540 2499 651 2572 exulis
668 2497 851 2573 Edelbaldi
869 2525 1005 2588 comes,
1024 2500 1111 2577 dum
1127 2501 1172 2575 ab
1190 2506 1261 2577 im-

194 2617 335 2689 mundo
353 2616 482 2715 spiritu
498 2641 663 2713 pervasus
677 2631 747 2700 est,
769 2616 816 2685 ita
834 2631 876 2685 ut
891 2615 980 2715 quid
994 2634 1101 2703 esset,
1117 2618 1173 2692 vel
1187 2646 1261 2720 quo

193 2730 350 2825 sederet,
365 2732 422 2804 vel
438 2730 526 2831 quid
542 2745 660 2830 ageret
672 2731 824 2805 omnino
842 2732 1014 2819 nesciret,
1030 2760 1048 2804 a
1066 2735 1170 2807 sociis
1187 2739 1259 2810 suis

194 2849 240 2921 ad
258 2847 427 2931 Guthlaci
448 2847 571 2920 limina
594 2847 786 2946 perductus
808 2862 874 2919 est.
901 2847 1036 2922 Deinde
1055 2875 1143 2923 mox
1163 2869 1204 2925 ut
1225 2879 1262 2926 se

194 2965 341 3064 cingulo
359 2964 427 3035 viri
445 2963 509 3036 Dei
527 2963 725 3053 succinxit,
746 2962 926 3062 integrum
943 2989 1086 3037 sensum
1102 2969 1257 3066 recepit,

192 3084 368 3184 omnique
380 3080 612 3182 postmodum
623 3079 695 3151 vita
707 3105 768 3150 sua
783 3078 877 3152 idem
890 3081 1075 3179 cingulum
1088 3099 1126 3156 et
1137 3109 1258 3156 sanam

194 3218 356 3277 mentem
373 3197 510 3272 habuit.

242 3325 418 3396 Praeterea
435 3319 492 3388 vir
507 3316 573 3389 Dei
590 3313 786 3386 Guthlacus
805 3315 934 3412 spiritu
956 3312 1155 3412 prophetiae
1173 3316 1257 3413 pol-

193 3439 292 3524 lens,
319 3436 441 3509 lutura
463 3431 658 3532 praedicere
684 3448 719 3504 et
741 3429 977 3528 praesentibus
995 3429 1153 3503 absentia
1174 3458 1256 3503 nar-

195 3583 274 3631 rare
287 3554 416 3629 solitus
432 3567 497 3625 est.
515 3534 664 3622 Cuidam
678 3546 817 3631 abbati,
834 3548 896 3646 qui
913 3548 957 3618 ad
972 3574 1054 3620 eum
1072 3573 1174 3621 causa
1184 3551 1256 3647 piae

195 3670 389 3747 locutionis
406 3681 570 3752 venerat,
594 3664 638 3737 de
659 3663 798 3737 duobus
816 3664 973 3752 clericis,
992 3665 1055 3764 qui
1076 3664 1119 3736 ad
1142 3693 1256 3747 casam

196 3790 312 3864 viduae
339 3801 423 3859 ante
448 3784 574 3857 horam
602 3783 746 3855 tertiam
770 3807 838 3880 pro
862 3779 1058 3885 appetenda
1084 3780 1256 3857 ebrictate

195 3906 440 3994 divertissent,
460 3916 587 3972 cuncta
605 3926 669 3997 per
685 3897 850 3970 ordinem
869 3897 1022 3969 intimat.

228 4151 267 4219 (r)
288 4135 630 4216 Ethelbald-le-Superbe,
647 4143 695 4215 qui
708 4141 752 4195 lut
764 4139 872 4194 ensuite
886 4140 927 4192 roi
940 4137 975 4193 de
988 4138 1091 4192 Mercie
1104 4137 1254 4214 (7rd757).

268 4262 306 4308 11.
1070 4233 1110 4302 18
