2910 4980
192 332 235 391 ³0
418 325 602 388 HISTORIA
623 324 925 387 tectrstasnct.
956 329 1252 414 [motolo-toto]

196 474 277 523 mus
292 461 329 520 et
345 444 517 520 Radrdsus
532 446 603 520 orti
619 461 723 534 sunt,
741 447 804 546 qui
822 448 1052 546 posmodum
1067 450 1106 524 in
1122 452 1252 552 Apulia

196 582 234 639 et
265 562 384 637 Sicilia
413 560 638 637 Rodbertum
663 563 893 639 Wiscardum
921 564 1094 641 calabris
1124 567 1253 645 ducem

194 682 352 759 multum
369 684 556 780 juverunt.
581 678 717 754 Deinde
743 679 892 754 Hadvisa
915 683 1044 758 sociata
1070 700 1124 758 est
1150 686 1255 760 Rod-

198 796 304 871 berto
323 794 368 869 de
391 794 724 885 Grentemaisnilio,
747 820 830 895 quae
852 797 993 896 peperit
1010 798 1043 871 ei
1063 801 1255 901 Hngonem

199 929 236 988 et
252 911 478 988 Rodbertum
493 928 530 986 et
545 910 744 985 Ernaldum
759 927 797 985 et
814 913 964 988 totidem
980 915 1071 990 filias
1084 922 1155 1018 (1).
1171 921 1255 1014 Quo

198 1030 390 1118 defuncto,
408 1031 597 1127 conjuncta
614 1045 668 1103 est
683 1029 878 1105 Willermo
889 1031 1061 1107 Rodberti
1076 1035 1258 1137 arehiepi-

199 1146 298 1246 scopi
316 1145 394 1218 filio
410 1145 486 1242 (a),
503 1159 539 1217 et
553 1145 693 1243 peperit
709 1144 742 1218 ei
764 1143 909 1236 Judith,
927 1175 1010 1248 quae
1024 1151 1258 1251 postmodnm

199 1262 342 1363 Rogerii
362 1260 504 1335 comitis
518 1260 648 1333 Siciliae
661 1263 792 1360 conjux
808 1261 893 1336 fuit.
911 1265 1033 1338 Tertia
1047 1266 1170 1341 Geroii
1184 1267 1258 1342 filia

201 1381 274 1454 suit
290 1381 418 1453 Emma
427 1433 440 1468 ,
459 1404 541 1478 quae
559 1375 639 1450 data
655 1392 707 1451 est
721 1380 879 1478 Rogerio
893 1380 939 1455 de
954 1382 1091 1457 Merula
1097 1412 1109 1471 ς
1126 1411 1172 1459 ex
1186 1411 1259 1485 qua

201 1495 399 1584 Rodullus,
418 1511 455 1568 et
466 1494 678 1568 Willermus
691 1492 833 1568 Rodulfi
845 1512 883 1571 et
895 1498 1041 1598 Rogerii
1053 1499 1259 1574 vicinorum

202 1629 414 1690 nostrorum
426 1625 538 1711 pater,
559 1611 631 1685 orti
644 1625 741 1684 sunt.
757 1613 893 1710 Quarta
906 1612 1044 1689 Adelais
1060 1616 1189 1691 sociata
1207 1631 1261 1690 eat

204 1729 388 1806 Salomoni
406 1727 451 1802 de
470 1724 629 1803 Sabloilo
648 1729 721 1826 (ὅ),
741 1729 844 1830 eique
865 1733 1003 1830 peperit
1022 1733 1259 1822 llainaldum,

205 1850 304 1947 cujas
320 1844 439 1945 proles
454 1846 602 1920 nomine
616 1843 794 1919 Lisiardus
809 1872 908 1920 nunc
923 1849 1081 1924 Henrioo
1095 1852 1169 1951 regi
1183 1850 1262 1925 An-

203 1967 347 2067 glorum
374 1963 507 2064 grande
536 1977 682 2062 praestat
709 1963 746 2036 in
776 1962 1043 2062 Andegavenses
1072 1967 1259 2043 auxilium.

203 2087 290 2159 Haec
306 2083 350 2157 de
373 2080 549 2157 Geroiana
572 2082 743 2182 progenie
764 2080 892 2159 dixisse
914 2086 1074 2160 sufficiat.
1096 2087 1202 2159 Nunc
1217 2086 1263 2158 ad

205 2198 411 2287 materiam,
434 2197 531 2270 unde
546 2197 800 2298 aliquantisper
819 2196 965 2301 digressi
981 2228 1121 2291 sumus,
1140 2201 1264 2276 redea-

205 2342 300 2392 mus.

254 2435 298 2505 ln
313 2432 433 2531 primo
450 2457 566 2520 anno,
585 2456 659 2531 qno
674 2431 853 2506 Uticensis
871 2429 1010 2506 abbatia
1025 2431 1172 2508 fundata
1190 2450 1262 2524 est,

206 2549 421 2621 Willcrmus
437 2562 472 2619 et
490 2545 692 2621 Rodbertus
703 2546 768 2621 filii
782 2547 925 2637 Geroii,
941 2563 977 2622 et
992 2550 1098 2649 Hugo
1111 2565 1147 2624 et
1161 2552 1265 2626 Rod-

207 2664 331 2738 bertus
346 2676 493 2761 nepotes
512 2689 658 2757 eorum,
676 2690 758 2736 cum
775 2664 858 2737 filiis
878 2679 914 2737 et
933 2665 1124 2763 nepotibus
1143 2681 1180 2740 ct
1196 2665 1265 2741 ba-

208 2779 360 2854 ronibus
377 2779 448 2851 suis
464 2778 557 2877 apud
573 2779 720 2853 Uticam
738 2780 940 2880 congregati
957 2797 1042 2853 sunt
1048 2810 1060 2870 3
1079 2780 1175 2856 etde
1192 2784 1266 2857 uti-

209 2899 310 2971 litate
329 2895 428 2968 rudis
450 2896 610 2970 coenobii
632 2897 731 2997 quod
754 2896 1026 2991 inchoaverant,
1050 2915 1263 2991 tractantes,

211 3014 453 3089 communiter
480 3029 683 3088 statuerunt
712 3014 926 3116 utquisque
955 3043 1029 3091 sese
1054 3043 1138 3089 cum
1164 3020 1264 3092 omni

210 3148 311 3232 parte
328 3128 535 3203 substantiae
551 3158 624 3203 suae
641 3147 764 3209 sancto
784 3130 935 3207 Ebrulfo
953 3135 991 3207 in
1008 3132 1080 3206 fine
1097 3160 1162 3207 suo
1179 3161 1267 3209 oon·

246 3375 257 3445 (
262 3376 287 3443 ι)
301 3371 325 3427 ll
337 3373 407 3427 n'est
419 3373 508 3428 arrivs}
521 3375 537 3427 a
549 3385 629 3428 notre
644 3375 836 3431 connaissance
847 3394 903 3450 que
914 3377 941 3431 le
953 3394 1019 3433 nom
1038 3377 1073 3433 de
1085 3376 1159 3434 deux
1171 3379 1207 3434 de
1223 3398 1268 3438 ω

215 3465 283 3520 falles
293 3462 328 3516 de
345 3460 452 3516 Robert
463 3461 497 3516 de
509 3461 715 3517 Grentemesnil
727 3474 756 3519 et
767 3463 914 3520 d’Hadvise
923 3465 1030 3533 Ginaia,
1044 3468 1133 3522 savoir
1145 3491 1151 3521 z
1163 3469 1267 3541 Agnes,

213 3557 314 3610 lemme
335 3551 370 3605 de
391 3550 497 3605 Robert
510 3549 545 3604 de
560 3551 864 3623 Montius-la-Marche‚
879 3564 908 3609 et
919 3553 1046 3623 Adelise,
1061 3555 1162 3611 femme
1177 3554 1271 3613 d’On-

212 3645 266 3699 lroi
279 3642 318 3695 du
330 3639 587 3712 Tillenl-en·Auge.

249 3733 288 3802 (a)
306 3729 479 3795 Guillaumc,
503 3730 644 3784 troiaieme
663 3729 705 3785 fila
722 3732 756 3786 de
767 3731 956 3806 l’archeveque
971 3731 1093 3803 Robert,
1107 3743 1198 3789 comte
1205 3722 1272 3789 d'l-

215 3839 308 3876 vreux.

249 3910 288 3981 (5)
297 3907 387 3973 sablo,
396 3906 628 3962 arrondisscment
638 3906 673 3962 de
682 3908 718 3963 La
730 3909 841 3965 Fleche.
851 3909 958 3965 Liaimd
966 3909 1002 3966 de
1010 3875 1092 3968 Sable
1103 3910 1146 3967 fat
1159 3931 1195 3967 en
1206 3911 1272 3968 effet

217 4004 274 4057 l’un
296 3997 345 4052 des
369 3995 494 4051 ennemis
512 3993 551 4049 les
575 3994 638 4067 plus
656 4008 795 4054 commate
816 3997 852 4054 de
871 3998 994 4056 Geoffioi
1018 3999 1205 4071 Phntagenet.
1236 4001 1273 4055 la

213 4087 373 4163 genealogie
387 4084 434 4138 drs
447 4083 587 4156 seignours
597 4081 631 4138 de
643 4095 716 4143 cette
724 4086 788 4143 ville
803 4097 846 4143 est
855 4086 912 4143 lort
924 4087 1115 4144 embronille'e.
