2910 4980
258 401 319 463 tot
534 398 720 458 HISTORIA
742 397 1048 463 Etctta'lts'rtcn

255 520 460 593 Amalricus
477 517 672 591 Guaszonis
693 517 789 590 filius
807 517 1018 591 interfectus
1037 532 1103 592 est.
1119 519 1227 590 Turre
1247 546 1328 591 mo·

253 634 358 709 uacbi
376 633 567 736 lugubrem
583 660 652 733 pro
668 649 787 708 morte
805 635 869 708 filii
888 635 1113 709 Guaszouem
1131 635 1325 723 adierunt,

254 778 421 852 eumque,
439 766 481 823 ut
496 748 684 836 damnum,
702 749 802 849 quod
819 751 867 824 eis
887 750 1076 838 intulerat,
1097 751 1324 838 emendaret,

253 883 485 970 rogaverunt.
503 867 566 939 llle
582 891 668 940 vero
682 883 801 940 morte
815 867 879 940 lilii
894 869 947 939 sui
967 884 1224 967 compunctus,
1243 894 1328 966 sup·

251 984 394 1084 pliciter
411 985 461 1057 eis
479 981 685 1083 respoudit,
707 999 744 1057 et
766 983 901 1056 malum
921 983 1020 1085 quod
1038 985 1270 1057 commiserat
1288 1011 1327 1056 se

252 1101 527 1176 emendaturum
555 1100 737 1198 promisit.
764 1101 960 1173 Praefatum
991 1101 1111 1201 itaque
1140 1100 1326 1173 mandavit

253 1215 464 1293 Goislenum
486 1233 523 1291 et
541 1216 762 1290 Amalricuur
779 1217 823 1290 de
841 1216 1013 1291 Belveder
1028 1217 1108 1316 (1),
1130 1217 1188 1288 cui
1207 1243 1327 1317 nuper

251 1336 369 1437 ipsum
395 1334 543 1410 feudum
570 1334 793 1422 reddiderat,
820 1334 921 1409 etde
944 1361 1018 1436 quo
1041 1349 1132 1408 tunc
1150 1337 1326 1434 temporis

251 1453 442 1528 Goislenus
463 1452 553 1526 illud
576 1452 733 1528 tenebat.
759 1453 814 1526 llli
838 1479 923 1554 ergo
947 1451 1041 1552 apud
1067 1453 1240 1526 Fraxiuos
1263 1455 1323 1552 (a)

250 1586 521 1658 convenerunt,
553 1570 660 1644 etde
691 1572 917 1645 correctione
943 1569 1115 1644 facinoris
1145 1587 1327 1645 tractave-

251 1704 352 1761 runt.
386 1687 572 1760 Guaszoue
600 1714 683 1758 cum
711 1686 897 1760 monacbis
926 1703 1094 1787 rogante,
1123 1687 1327 1760 Amalricus

250 1807 426 1879 concessit
450 1805 589 1879 donum
612 1805 711 1905 quod
736 1806 844 1878 Tesza
869 1803 1025 1891 fecerat,
1057 1821 1094 1877 et
1118 1803 1258 1878 Guaszo
1284 1833 1326 1876 ac

250 1922 441 1998 Goideuus
467 1940 729 1997 concesserant.
761 1925 914 1996 Asseusu
940 1923 1060 2023 itaque
1083 1939 1121 1996 et
1144 1948 1323 1996 consensu

250 2040 414 2115 omnium
447 2041 564 2128 facto,
596 2038 760 2139 praedicti
793 2039 930 2113 domiui
957 2071 975 2129 :⁴
992 2041 1131 2113 Guaszo
1160 2040 1321 2126 scilicet,

250 2157 451 2231 Amalricus
472 2173 507 2231 et
526 2156 719 2232 Goisleuus
739 2155 935 2230 monachos
953 2156 1070 2255 palam
1088 2157 1324 2246 saisiverunt,

251 2290 288 2347 et
309 2274 378 2347 boc
398 2273 608 2348 Grimoldus
627 2270 672 2345 de
691 2272 842 2358 Manlia,
861 2288 898 2346 et
915 2272 1091 2372 Rogerius
1111 2270 1208 2345 lilius
1226 2277 1323 2372 ejus,

250 2388 383 2489 aliique
401 2388 507 2461 multi
528 2387 698 2461 viderunt
715 2404 752 2461 et
771 2386 977 2462 audierunt.
1000 2387 1145 2460 Statuto
1165 2387 1325 2489 denique

251 2503 309 2581 die
327 2488 527 2578 bmalricus
548 2504 643 2604 apud
665 2505 835 2578 Manlium
855 2506 973 2596 venit,
994 2504 1206 2606 donumque
1223 2507 1325 2607 quod

252 2621 348 2722 apud
378 2623 552 2696 Fraxinos
578 2621 770 2723 'monachis
799 2639 1043 2709 concesserat,
1077 2649 1186 2722 super
1212 2624 1325 2697 altare

253 2755 385 2813 sanctae
413 2741 537 2813 Mariae
568 2741 709 2839 posuit,
743 2755 780 2813 et
809 2767 853 2813 ex
884 2742 1031 2813 caritate
1059 2740 1326 2839 monachorum

253 2881 303 2930 xx
327 2857 459 2933 solidos
478 2856 765 2932 Medontensium
787 2858 933 2958 recepit.

307 2973 366 3044 Sic
387 2972 632 3047 studiosorum
659 2975 916 3073 procuratione
938 2974 1201 3049 monachorum
1223 2977 1326 3048 Man-

254 3089 374 3162 liensis
391 3089 485 3164 Cella
504 3093 678 3179 surrexit,
695 3106 732 3164 et
749 3090 919 3191 largifluis
935 3090 1220 3164 exhibitionibus
1238 3119 1328 3166 con-

253 3205 445 3280 llueutium
473 3209 516 3279 ad
543 3207 683 3281 laudem
708 3209 772 3282 Ilei
803 3226 1052 3308 competenter
1080 3211 1207 3282 crevit.
1236 3212 1329 3282 Erat

254 3324 352 3397 enim
371 3322 465 3396 idem
481 3325 578 3396 vicus
594 3326 707 3398 vineis
725 3341 761 3398 et
781 3323 952 3398 uberibus
968 3328 1062 3426 agris
1077 3328 1215 3425 optime
1234 3354 1329 3402 con-

255 3443 362 3529 situs,
379 3442 519 3514 Maldra
537 3445 592 3540 (5)
611 3470 758 3542 quoque
774 3443 886 3516 fluvio
901 3471 965 3541 per
981 3442 1141 3515 medium
1156 3463 1329 3518 currente

254 3558 432 3655 irriguus,
459 3555 709 3656 nobiliumque
731 3560 830 3655 copia
857 3559 1016 3630 militurn
1038 3557 1185 3631 fortiter
1208 3562 1330 3631 muni-

257 3689 326 3745 tus.
347 3675 391 3745 Hi
412 3675 586 3745 nimirum
604 3675 759 3747 ccclesiae
783 3677 819 3745 in
839 3676 909 3745 vita
927 3701 988 3746 sua
1003 3673 1160 3748 libenter
1177 3674 1267 3748 daut
1283 3679 1328 3751 dc

290 3997 299 4061 (
307 3999 328 4062 ι)
347 3998 492 4051 peut-etro
507 4000 649 4059 beauvais,
664 4018 699 4052 au
714 3999 780 4053 midi
797 4001 832 4054 dc
846 3997 1180 4053 Saiut-Remi-l’llonoro.

292 4084 329 4150 (a)
348 4086 370 4136 l?
373 4104 478 4150 rosires,
492 4088 669 4156 aiijouul’bui
683 4088 847 4161 Ecquevilli‚
863 4108 896 4142 au
909 4088 941 4142 N.
959 4089 987 4140 E.
1000 4086 1034 4141 dc
1048 4087 1147 4141 Matilo.

294 4169 332 4237 (3)
353 4174 387 4226 la
401 4176 534 4230 lluuldto.
