2926 4980
193 459 235 516 90
468 455 653 519 HISTORIA
675 456 979 520 ECCLFSIASTICA.
1058 460 1265 543 [roeo-totu]

195 590 336 664 serunt,
350 591 389 648 et
406 576 444 648 in
463 576 565 650 brevi
581 593 720 675 puncto
737 579 925 678 temporali
942 578 1114 655 felicitate
1128 578 1265 656 functae

195 693 379 769 coelestem
396 719 569 792 sponsum
584 694 827 768 offenderunt.

243 813 328 884 Post
344 809 595 886 discessionem
607 811 782 886 Rodberti
795 810 946 901 abbatis,
961 814 1136 887 Rodulfus
1149 815 1265 890 Mala·-

196 924 339 1000 Corona
362 925 557 998 avunculus
579 929 654 1024 ejus
670 926 793 1001 videns
812 926 975 1000 acerbam
991 928 1264 1011 tribulationem

198 1045 236 1115 in
263 1057 429 1141 parentes
459 1067 541 1115 suos
569 1044 726 1143 graviter
755 1045 907 1133 saevire,
947 1060 983 1117 et
1012 1059 1199 1119 extraneos
1224 1046 1264 1118 in

197 1160 357 1234 Uticensi
383 1159 513 1247 domo,
539 1185 649 1261 quam
671 1161 767 1259 ipse,
788 1159 985 1261 fratresque
1006 1161 1059 1232 sui
1083 1162 1160 1235 Deo
1180 1164 1266 1236 con·'

197 1293 421 1365 struxerant,
448 1276 735 1351 dominationem
759 1303 946 1364 exercere,
977 1278 1102 1377 relicta
1132 1277 1265 1378 capella

197 1394 310 1466 saneti
340 1392 506 1482 Ebrulfi,
540 1392 603 1466 ubi
634 1421 741 1493 supra
769 1395 924 1468 diximus
952 1421 1036 1469 eum
1063 1394 1263 1486 habitasse,

197 1511 626 1611 Majus-Monasterium,
653 1511 691 1584 in
713 1536 787 1612 quo
811 1511 1051 1585 monachilem
1073 1509 1266 1623 professio·

199 1655 284 1702 nem
298 1628 431 1702 fecerat
442 1683 453 1717 ,
473 1629 643 1727 expetiit3
667 1628 790 1729 ibique
806 1657 881 1703 non
902 1630 1019 1730 multo
1036 1647 1139 1734 post,
1167 1655 1266 1705 com·

198 1743 304 1843 pletis
324 1745 360 1817 in
379 1744 506 1819 ordine
523 1746 722 1819 monastico
735 1771 788 1819 vn
809 1748 926 1836 annis,
941 1727 1021 1821 ¹rnv⁰
1039 1742 1266 1823 calendas'l'e·

200 1860 337 1935 bruarii
352 1862 512 1964 glorioso
528 1863 600 1937 fine
617 1865 766 1965 quievit.

247 1978 311 2052 Vl.
325 1980 395 2053 Per
408 1978 503 2054 idem
518 1995 671 2079 tempus,
686 1979 897 2054 Goislredus
906 1980 1092 2054 Martellus
1106 1979 1267 2082 Andega·

198 2098 362 2170 vensium
379 2124 498 2172 comes
510 2113 593 2196 post
614 2097 725 2169 multa
740 2099 776 2170 in
794 2096 900 2172 rebus
912 2098 1032 2171 saeculi
1049 2096 1157 2171 fortia
1170 2110 1267 2198 gestu

198 2211 292 2286 obiit
306 2215 361 2312 (ι)
375 2268 387 2304 ,
403 2230 440 2288 et
457 2213 541 2314 quia
558 2212 681 2286 liberis
698 2214 831 2303 caruit,
850 2211 1041 2287 Goisfredo
1058 2214 1268 2314 nepoti'suo

197 2329 355 2405 Alberici
374 2332 671 2406 Wastinensium·
688 2330 829 2403 comitis
856 2330 933 2404 lilio
960 2330 1138 2406 honorem
1160 2354 1267 2404 suum

198 2446 359 2548 reliquit.
385 2447 501 2540 Quem
524 2446 637 2520 Fulco
654 2444 768 2520 frater
789 2451 862 2547 ejus
885 2463 1128 2548 cognomento
1145 2444 1269 2521 Richt-

198 2588 267 2636 nus
283 2578 365 2661 post
380 2561 520 2662 aliquot
537 2578 677 2661 tempus
693 2562 943 2637 fraudulenter
956 2565 1050 2663 cepit
1058 2619 1069 2653 ,
1086 2563 1268 2662 priucipa-

199 2694 280 2750 tum
296 2682 369 2777 ejus
385 2680 560 2778 arripuit,
585 2679 773 2783 ipsumque
793 2679 832 2751 in
850 2662 985 2769 castro,
1004 2679 1103 2780 quod
1122 2675 1268 2751 Chinon

199 2811 361 2885 vocatur,
379 2822 445 2894 per
462 2797 611 2895 triginta
629 2822 743 2870 annos
761 2797 894 2869 carceri
912 2795 1162 2895 mancipavit(
1186 2794 1216 2894 ).

248 2911 316 2984 His
338 2910 561 3010 temporibus
585 2912 637 2984 W
640 2911 800 2985 illermus
824 2911 1059 2985 Normanniae
1076 2912 1160 2991 ‚dux
1183 2907 1269 3009 pro·

201 3027 314 3101 bitate
331 3045 367 3102 et
383 3043 559 3127 potestate
577 3028 677 3102 valde
695 3027 893 3117 crescebat,
914 3030 1123 3128 cunctisque
1140 3026 1268 3100 vicinis

201 3147 272 3220 suis
298 3144 508 3219 liberalitate
533 3163 569 3219 et
593 3145 858 3246 magnificentia
881 3143 1181 3246 supereminebat.
1198 3143 1269 3216 llic

202 3286 409 3363 generosam
420 3259 632 3335 Mathildem
643 3259 807 3333 Balduini
819 3261 918 3333 ducis
928 3257 1267 3357 Flandrensium(5)

236 3505 246 3574 (
252 3506 275 3575 ι)
285 3500 411 3560 Geoffroi
424 3500 526 3558 Martel
538 3509 651 3555 mourut
663 3502 679 3554 a
692 3497 815 3571 l‘abbaye
824 3497 859 3552 de
871 3496 1068 3554 Salat-Nicolas
1079 3497 1231 3570 d'Angem
1240 3495 1268 3551 le

207 3595 238 3658 14
250 3589 397 3647 novembre
414 3589 490 3644 1060.

238 3685 277 3753 (a)
289 3682 342 3737 Ces
355 3679 428 3736 deux
441 3680 584 3754 seigneurs
593 3678 725 3733 n’etaient
737 3677 816 3750 point
827 3674 868 3731 [ils
882 3673 1040 3742 d’Alberic,
1055 3683 1145 3728 comte
1158 3669 1194 3726 de
1208 3670 1267 3726 Ga·

202 3772 297 3838 tinais,
319 3769 388 3824 mais
406 3767 441 3822 de
454 3766 595 3834 Geoffroi‚
613 3776 704 3820 comte
723 3763 758 3818 de
775 3760 1010 3820 Chdteaulandon.
1027 3758 1151 3817 Geoffroi
1170 3757 1271 3815 Martel

204 3860 265 3914 leur
278 3860 349 3913 avait
362 3860 475 3930 partaqe
489 3873 531 3910 ses
543 3844 620 3910 Etats
632 3874 668 3909 au
683 3854 740 3909 lieu
756 3853 791 3908 de
809 3853 847 3906 les
861 3852 957 3907 laisser
969 3870 1004 3905 en
1020 3850 1155 3905 totaliteu
1171 3846 1266 3915 l’aiue,

202 3968 309 4004 comme
317 3949 343 4003 le
355 3948 398 4003 dit
411 3958 491 4002 notre
501 3954 609 4000 auteur.
625 3945 699 3999 C’est
710 3943 736 3997 le
745 3948 761 4008 l
770 3941 841 3997 avril
851 3940 916 4015 1067
926 3959 981 4015 que
993 3941 1106 3995 celui-ci
1116 3936 1270 4006 (Geoffrob

205 4041 355 4110 le·Ba1·bu)
376 4040 419 4094 sut
430 4037 481 4093 lait
494 4037 711 4110 prisonnierpar
723 4032 867 4100 mulcere,
880 4028 1191 4106 Foulques-le·Recbin‚
1202 4028 1270 4101 puis

205 4132 342 4188 renferme
355 4132 370 4184 'a
384 4128 497 4184 Chinon
511 4125 536 4181 lc
549 4136 621 4181 reste
633 4123 720 4180 deses
730 4123 820 4195 jours.

238 4220 277 4293 (3)
290 4219 437 4278 baudouin
450 4219 494 4288 V,
508 4226 599 4273 comte
613 4215 649 4271 de
661 4212 791 4272 Flmdre.
