2926 4980
212 410 269 467 198
487 404 672 465 HtsTottll
693 403 1001 465 ECCLESIASTICA.
1073 405 1284 485 [roos-toto]

212 527 279 616 vit,
295 539 332 597 et
347 537 492 596 noctem
507 524 698 624 integram,
716 519 863 594 ubinam
877 535 994 594 essent
1006 545 1098 621 quos
1111 510 1286 595 ducmbat

212 644 375 742 ignarus,
404 640 533 739 exegit.
565 639 770 714 Eboracum
801 665 963 713 reversus
991 630 1192 738 complurt³
1209 636 1285 713 illic

212 758 351 834 castella
376 758 607 846 restauravit,
632 773 666 830 et
685 754 767 828 urbi
785 783 826 829 ac
847 757 985 856 regioni
1009 756 1200 832 commoda
1218 782 1285 833 or-

211 876 361 949 dinavit.
375 876 515 949 Deinde
530 891 650 949 movet
662 874 927 975 expeditionem
940 889 1066 950 eontra
1079 872 1285 949 cestrenses

212 1009 249 1068 et
261 993 427 1078 Guallos,
445 993 507 1094 qui
526 1007 660 1091 praeter
677 992 761 1064 alias
779 992 929 1065 offensas
948 992 1158 1089 nuperrime
1176 991 1285 1066 Scro-

210 1108 414 1182 besburiam
433 1106 665 1182 obsederunt.
685 1108 874 1182 Exercitus
891 1122 1011 1179 autem
1029 1106 1092 1206 qui
1115 1103 1206 1179 dura
1224 1108 1286 1181 td-

212 1229 400 1313 lerarerat,
413 1228 449 1300 in
466 1225 534 1301 hoc
545 1227 674 1300 itinere
687 1225 806 1299 multo
817 1225 962 1298 duriora
975 1238 1108 1298 restare
1122 1221 1285 1298 timebat.

212 1342 414 1417 Verebatur
436 1345 532 1416 enim
553 1343 716 1416 locorum
734 1342 982 1441 asperitatem,
1002 1338 1130 1415 hiemis
1149 1340 1287 1412 intem-

212 1463 368 1561 periem,
387 1460 646 1534 alimentorum
664 1460 842 1558 inopiam,
859 1472 895 1532 et
911 1456 1068 1531 hostium
1083 1456 1286 1532 terribilem

213 1575 453 1649 ferocitatem.
479 1573 682 1675 Andegavi,
707 1575 875 1648 Britones
899 1591 935 1648 et
960 1573 1185 1647 Cenomanni
1213 1598 1287 1645 ser-

213 1691 330 1778 vitiis,
355 1706 396 1761 ut
412 1688 599 1777 dicebaut,
624 1686 911 1771 intolerabilibus
928 1688 1064 1795 oppido
1087 1686 1289 1791 gravaban-

214 1824 294 1895 tur;
329 1808 424 1880 unde
454 1808 688 1907 pertinaciter
718 1808 739 1878 a
773 1834 857 1908 rege
887 1809 1095 1881 missionem
1123 1821 1288 1906 petentes

214 1922 546 2024 conquerebantur.
566 1925 628 1997 Sui
651 1926 828 1997 nimirum
847 1925 891 1997 ad
908 1926 1205 2024 expurgationem
1223 1922 1287 1998 de-

214 2040 433 2143 promebant
450 2069 524 2114 non
542 2069 645 2142 posse
660 2042 811 2117 domiuo
831 2069 971 2142 semper
991 2069 1083 2116 nora
1101 2058 1138 2116 et
1154 2044 1287 2115 immo-

214 2159 335 2232 derata
359 2158 524 2251 audenti,
556 2161 738 2261 nimiaque
764 2161 990 2261 praecipienti
1018 2159 1182 2260 obsequi.
1211 2161 1289 2234 Rex

215 2292 336 2348 autem
364 2275 603 2348 constantiam
628 2274 713 2347 Julii
741 2273 889 2348 Caesaris
921 2275 957 2346 in
989 2275 1050 2347 tali
1079 2275 1290 2348 necessitate

215 2407 356 2464 secutus
371 2406 441 2481 est,
459 2419 525 2465 nec
539 2418 599 2465 eos
612 2391 730 2464 multo
747 2405 894 2490 precatu
910 2418 972 2487 seu
985 2390 1089 2467 noris
1102 2390 1289 2490 promissis

215 2509 373 2582 retinere
396 2508 563 2608 dignatus
586 2526 651 2582 est.
675 2509 855 2582 Audacter
875 2509 1077 2607 incoeptum
1100 2509 1171 2580 iter
1195 2507 1285 2595 init,

217 2623 374 2724 fidasque
394 2622 461 2696 sibi
484 2622 651 2698 cohortes
675 2651 710 2698 se
737 2626 836 2724 sequi
862 2621 1057 2725 praecepit,
1088 2621 1289 2697 desertores

215 2767 303 2816 vero
311 2741 410 2814 velut
422 2742 554 2816 inertes
564 2741 783 2842 pavidosque
797 2758 833 2816 et
845 2740 1032 2831 invalidos,
1045 2740 1072 2813 si
1086 2739 1287 2828 discedant,

214 2856 455 2956 parvipendit.
483 2859 568 2931 Post
593 2856 817 2930 difficillimas
843 2857 1070 2958 fatigationes
1089 2853 1290 2930 victoribus

215 2974 377 3074 requiem
398 2975 599 3073 promittit,
623 3001 690 3049 uec
714 2973 758 3048 ad
782 2974 937 3050 honores
956 2999 1058 3074 posse
1081 2974 1289 3074 pertingere

213 3088 283 3160 nisi
307 3116 371 3187 per
395 3087 532 3162 labores
557 3091 693 3164 asserit.
717 3089 925 3165 ludefessim
948 3093 1067 3190 itaque
1088 3088 1207 3187 pergit
1230 3088 1287 3160 via

215 3205 327 3305 equiti
346 3233 533 3307 nunquam
548 3223 632 3281 ante
649 3223 814 3306 experta,
833 3209 955 3308 inqua
973 3221 1059 3277 sunt
1073 3219 1216 3278 montes
1230 3230 1287 3276 ar·

213 3322 274 3394 dui
293 3338 329 3394 et
340 3323 633 3421 profundissimae
647 3326 773 3414 valles,
794 3325 860 3397 rivi
881 3340 917 3397 et
933 3349 1054 3396 amnes
1070 3321 1285 3421 periculosi,

213 3453 251 3510 et
264 3439 474 3537 voraginosa
490 3441 639 3513 vallium
656 3442 739 3513 ima.
761 3443 802 3513 ln
818 3439 881 3512 hac
899 3440 953 3511 via
972 3438 1175 3540 gradientes
1193 3463 1289 3537 saepe

213 3555 329 3627 nimio
349 3554 571 3629 vexabantur
588 3556 721 3643 imbre,
751 3558 863 3630 mixta
889 3554 1072 3629 interdum
1093 3553 1284 3656 grandine.

212 3672 417 3772 Aliquando
436 3673 656 3772 praestabant
669 3677 809 3748 cunctis
824 3702 930 3748 usum
947 3678 1029 3775 equi
1044 3676 1079 3746 iu
1094 3671 1288 3772 paludibus

213 3789 339 3862 enecti.
361 3791 439 3888 lpse
456 3819 518 3864 rex
538 3791 721 3865 multoties
740 3793 842 3888 pedes
860 3806 1009 3863 cunctos
1025 3789 1168 3890 agiliter
1187 3813 1288 3886 prae-

212 3903 375 3991 cedebat,
405 3922 441 3979 et
474 3907 674 3983 laborantes
704 3906 867 3980 manibus
898 3907 1050 4006 impigre
1079 3902 1284 4005 adjuvabat.

214 4024 375 4096 Tandem
404 4027 601 4100 exercitum
628 4026 848 4099 incolumem
876 4051 987 4125 usque
1012 4024 1171 4097 Cestram
1197 4048 1287 4121 per-

212 4136 334 4224 duxit,
355 4156 390 4210 et
415 4141 450 4212 iu
480 4155 553 4215 tota
576 4141 796 4215 Merciorum
818 4140 964 4241 regione
989 4154 1109 4220 motus
1137 4137 1286 4219 hostiles
