2910 4980
184 425 298 507 μου]
563 422 681 485 uses
702 423 886 498 Qururus.
1197 430 1258 490 sor

188 593 191 599 -
235 545 300 619 ΠΙ.
314 544 465 643 [¹077·]
479 543 572 637 Quia
582 545 742 643 imperiti
758 542 1157 621 hominesfraudulenta
1167 575 1259 648 pro-

186 659 357 761 speritate
365 658 473 733 nimis
483 658 723 747 extolluntur,
732 659 1261 760 varioqueadversitatumllatu

186 773 333 877 fragiles
342 774 533 852 utaruudo
545 775 650 849 facile
663 773 775 849 hacet
786 775 866 850 illac
878 778 1075 876 agitantur,
1086 778 1167 853 ideo
1179 805 1259 854 mo·

187 889 335 967 des-ator
347 891 514 965 omnium
526 891 620 965 Deus
632 917 753 991 aspera
763 890 905 965 blandis
915 891 1065 990 provide
1076 894 1261 968 intromis-

188 1023 261 1096 cet,
280 1022 322 1080 ut
333 1006 487 1082 mobiles
499 1008 709 1083 mortalium
722 1008 1102 1106 aususcomprimatac
1114 1009 1262 1085 salubri·

189 1139 444 1224 tertemperet.
458 1125 562 1199 Unde
570 1125 659 1199 dum
666 1124 882 1201 Guillelmus
889 1151 952 1198 rex
959 1126 1121 1200 saeculari
1128 1153 1261 1228 pompa

187 1242 347 1317 multum
375 1257 554 1330 tumeret,
587 1258 624 1316 et
652 1243 808 1341 populus
837 1242 1016 1317 Neustriae
1044 1244 1263 1320 multimodo

187 1358 280 1433 luxu
294 1356 415 1433 foedus
434 1359 618 1449 maderet,
636 1384 704 1432 nec
721 1359 789 1432 sibi
803 1358 927 1431 future
946 1384 1014 1458 pro
1032 1360 1170 1460 ingenti
1187 1387 1264 1435 sce-

188 1476 310 1551 lerum
330 1479 498 1576 congerie
520 1475 747 1576 provideret,
774 1475 947 1550 terribilis
965 1479 1120 1550 tonitrui
1141 1478 1263 1580 fragor

190 1595 230 1671 in
240 1595 447 1668 sanctuario
457 1592 684 1693 Lexoviensis
694 1590 849 1665 basilicae
859 1596 1062 1691 personuit,
1073 1610 1109 1669 et
1122 1595 1265 1696 plebem

190 1717 230 1789 iu
246 1712 394 1790 ecclesia
410 1711 612 1812 pontificali
630 1727 807 1787 astantem
823 1710 1063 1785 intolerabilis
1080 1714 1172 1785 ictus
1190 1713 1266 1789 ful-

190 1829 302 1904 minis
314 1829 522 1928 prostrarit.
536 1827 629 1901 Nam
643 1827 803 1928 quodam
817 1827 1011 1901 Dominico
1021 1827 1080 1902 die
1094 1829 1131 1901 in
1145 1845 1266 1903 {estate

190 1944 278 2019 dum
293 1970 398 2017 mune
414 1943 683 2020 celebrarentur
700 1969 809 2018 sacrae
821 1943 992 2042 mysteria
1005 1944 1140 2029 missae,
1157 1961 1194 2022 et
1207 1947 1267 2018 in·

191 2060 328 2137 inlatus
345 2061 536 2161 presbyter
552 2060 702 2136 nomine
718 2057 916 2135 Herbertus
933 2074 1064 2133 astaret
1075 2058 1120 2133 ud
1133 2060 1263 2150 altare,

192 2179 320 2278 ingens
342 2180 544 2254 coruscatio
565 2193 715 2276 repente
737 2176 831 2249 facta
854 2190 928 2264 est,
951 2201 1062 2277 quam
1087 2174 1266 2252 formida-

191 2294 277 2373 bilis
286 2322 396 2371 sonus
410 2312 446 2372 et
458 2296 574 2396 gravis
584 2297 675 2369 ictus
689 2294 788 2368 illico
798 2291 1007 2368 subsecutus
1017 2309 1084 2370 est.
1096 2294 1263 2385 Crucem,

192 2440 277 2514 quas
293 2438 400 2511 super
417 2413 599 2512 pulpitum
619 2412 730 2484 turris
746 2407 884 2496 stabat,
905 2411 1099 2508 percussit,
1122 2410 1266 2486 confre-

192 2532 247 2636 git
269 2547 307 2609 et
330 2532 471 2631 dejecit.
500 2530 637 2604 Deinde
664 2527 877 2605 terribiliter
897 2529 935 2600 in
966 2527 1081 2602 aedem
1106 2545 1266 2604 sanctam

192 2647 376 2727 descendit
401 2662 438 2721 et
458 2674 565 2747 super
587 2645 807 2721 crucifixum
835 2646 965 2732 irruit,
987 2646 1092 2745 eique
1116 2671 1266 2720 manum

193 2780 232 2839 et
252 2765 382 2866 pedem
401 2766 594 2865 percussit,
622 2764 788 2862 miroque
812 2761 922 2837 modo
938 2760 1075 2835 ferreos
1092 2763 1136 2836 de
1158 2789 1265 2837 cruce

193 2881 313 2959 claros
328 2881 470 2955 evulsit.
491 2878 697 2955 Tenebrosa
712 2878 828 2981 caligo
842 2879 938 2952 visus
955 2880 1191 2954 trementium
1205 2879 1267 2954 he-

193 2995 347 3086 betavit,
367 3013 404 3071 ct
426 2997 626 3095 scintillans
644 2996 736 3098 ignis
752 3022 818 3096 per
835 3009 950 3071 totam
965 2993 1147 3069 basilicam
1164 2997 1267 3071 vola-

194 3113 266 3202 vit,
285 3129 323 3186 et
338 3129 422 3188 octo
440 3112 536 3185 viros
553 3136 736 3211 unamque
752 3111 942 3188 mulierem
955 3112 1118 3208 peremit.
1133 3110 1267 3185 Barbas

194 3243 230 3302 et
245 3253 357 3328 penes
372 3227 534 3327 aliosque
551 3227 644 3326 pilos
662 3228 826 3303 virorum
843 3243 880 3300 et
896 3225 1089 3298 mulierum
1111 3226 1263 3315 exussit,

194 3347 494 3447 teterrimumque
515 3345 691 3421 foetorem
713 3345 811 3444 vulgi
835 3342 983 3421 naribus
1010 3342 1157 3417 infudit.
1184 3344 1265 3418 Una

194 3461 325 3542 mulier
355 3463 504 3538 nomine
530 3463 645 3537 Maria
673 3464 710 3537 iu
739 3461 873 3562 angulo
899 3459 1057 3535 ecclesiae
1085 3487 1162 3536 non
1188 3461 1265 3535 sine

194 3605 326 3684 magno
338 3604 471 3678 pavore
486 3580 607 3668 stetit,
627 3593 818 3678 totumque
835 3576 1012 3676 populum
1027 3576 1128 3677 quasi
1147 3577 1266 3650 exani·

194 3722 291 3771 mem
316 3722 381 3796 per
403 3696 647 3795 pavimentum
667 3698 866 3792 jacentem,
892 3718 1022 3792 pavens
1051 3693 1142 3791 ipsa,
1172 3719 1264 3794 pro·

194 3815 324 3913 spexit.

193 4097 380 4170 Canterbury,
394 4096 462 4153 dans
474 4097 565 4171 lequel
584 4096 603 4151 il
620 4097 664 4152 lut
679 4095 789 4152 insutis
802 4096 828 4151 le
845 4094 879 4150 25
893 4097 1058 4170 septembre.
1073 4097 1096 4152 ll
1112 4111 1226 4155 mourut
1242 4100 1267 4154 le

195 4204 225 4241 ar
241 4186 311 4241 avril
327 4205 406 4258 1109,
419 4186 487 4240 dans
501 4203 529 4240 sa
543 4186 809 4242 soixante-seizieme
821 4189 919 4240 sunee.
