2926 4980
194 464 236 522 ss
471 462 657 525 nrsronn
677 461 982 525 eccnmamrca.
1051 465 1264 549 [imi-ross]

195 578 306 655 lertcr
319 579 476 671 educati,
490 582 688 683 studiisque
700 581 807 658 bonis
825 581 975 674 imbuti,
992 584 1095 658 omni
1107 585 1180 657 vita
1197 612 1262 660 suu

196 696 302 770 utiles
311 713 586 797 permanserunt
599 699 724 772 divino
739 698 876 798 cultui]
881 752 893 788 ,
905 699 1097 774 Rainaldus
1110 703 1262 800 Magnus

195 814 439 911 grammaticae
458 817 546 888 artis
570 816 731 914 peritus,
760 831 797 891 et
820 815 976 905 Thomas
997 814 1264 918 Andegavensis

196 926 388 1004 nobilitate
418 930 600 1020 famosus,
631 948 669 1006 et
696 930 901 1006 Rodbertus
932 934 1105 1007 Gamaliel
1133 952 1263 1010 cantor

196 1049 371 1148 egregius,
399 1050 613 1138 Turstinus,
640 1048 833 1124 Rainaldus
853 1048 1046 1149 Capreolus
1072 1065 1108 1124 et
1125 1050 1268 1126 Walte-

197 1163 271 1235 rius
289 1164 435 1237 Parvus.
456 1167 501 1238 lli
518 1167 722 1239 Neustriam
738 1166 856 1241 natale
872 1167 992 1240 solum
1007 1166 1262 1258 deseruerunt,

197 1281 385 1381 variosque
419 1308 517 1355 casus
548 1286 749 1384 perpessuri
788 1285 967 1357 Sicaniam
984 1378 988 1391 Ι
1006 1286 1262 1386 expetierunt3

197 1392 298 1470 unde‘
309 1398 457 1498 quidam
474 1426 601 1474 eorum
621 1400 853 1499 postmodum
870 1403 1075 1492 redierunt,
1093 1400 1268 1476 nonnulli

197 1538 284 1587 vero
306 1532 487 1614 pastorem
506 1542 611 1588 suum
638 1517 711 1591 fine
737 1531 841 1589 tenus
857 1520 1023 1616 juvantes
1042 1517 1081 1589 in
1104 1515 1268 1591 Calabria

197 1630 370 1703 ultimum
386 1631 483 1704 diem
506 1633 722 1707 clauserunt.
742 1635 859 1708 Porro
876 1632 1031 1706 domnus
1050 1633 1269 1723 Mainerius,

200 1778 309 1852 quem
317 1750 522 1825 Rodbertus
532 1749 641 1824 abbas
651 1768 734 1824 ante
744 1752 897 1851 primam
906 1750 1158 1826 discessionem
1167 1776 1271 1824 strom

198 1870 361 1968 priorem
387 1867 610 1953 claustralem
637 1869 895 1958 constituerat,
925 1869 1009 1968 quia
1034 1882 1117 1968 post
1136 1892 1272 1966 paucos

199 1984 273 2060 dies
292 1983 528 2086 profectionis
546 1987 620 2085 ejus
639 1985 793 2059 Beccum
812 2002 1039 2084 perrexerat,
1058 1986 1272 2087 primusque

199 2105 245 2178 de
265 2103 518 2178 substituendo
539 2105 609 2178 alio
632 2102 761 2178 abbate
786 2131 870 2180 cum
888 2103 1091 2177 Lanfranco
1111 2105 1274 2177 Becceu-

201 2221 296 2293 sium
309 2221 432 2319 priore
446 2234 672 2307 tractaverat,
686 2217 851 2293 eumdem
864 2219 922 2291 cui
938 2218 1200 2317 professionem
1213 2217 1275 2292 le-

202 2352 300 2411 cerat
316 2335 590 2436 implacabiliter
606 2335 818 2409 offenderat.
832 2333 937 2408 Unde
951 2335 1061 2407 minis
1073 2337 1147 2433 ejus
1161 2333 1276 2408 terri-

203 2474 276 2548 tus,
296 2471 332 2528 et
346 2455 574 2553 improperiis
590 2452 776 2526 fautorum
794 2455 868 2551 ejus
884 2450 1059 2527 dedecore
1075 2452 1273 2549 lacessitus,

205 2575 359 2649 consilio
380 2588 418 2646 et
438 2572 613 2673 permissu
633 2569 786 2644 osberni
806 2568 943 2643 abbatis
961 2570 1174 2642 Cluniacum
1192 2594 1275 2670 pen·

206 2693 324 2781 rexit,
352 2689 475 2790 ibique
497 2714 563 2788 per
586 2712 703 2760 unum
724 2712 861 2759 annum
885 2687 1043 2784 rigorem
1066 2684 1279 2759 Cluniacen-

208 2811 303 2882 sium
321 2807 477 2907 experiri
501 2804 568 2878 sub
586 2803 793 2878 venerando
814 2804 967 2903 Hugone
984 2800 1276 2877 Archimaudritu

206 2926 390 2999 ferventer
406 2922 565 2998 edidicit.

256 3043 435 3117 Uticensis
465 3056 584 3115 autem
613 3040 759 3115 ecclesia
784 3041 821 3111 in
845 3036 1060 3137 hujusmodi·
1075 3039 1278 3115 mutatione

209 3160 440 3235 vehementer
467 3156 620 3230 desolata
645 3171 697 3229 est
709 3209 720 3244 ,
746 3154 943 3254 multisque
971 3146 1277 3252 possessionibus,

210 3304 296 3378 quas
312 3277 413 3377 prius
430 3275 654 3375 possederat,
674 3273 821 3372 spoliata
844 3289 909 3346 est.
929 3271 1050 3346 Vicini
1072 3272 1170 3346 enim
1186 3271 1280 3344 mili-

212 3412 283 3481 tes,
307 3394 368 3494 qui
395 3392 559 3465 homines
578 3416 640 3463 seu
665 3389 806 3488 cognati
832 3388 1097 3462 Geroianorum
1113 3387 1280 3475 fuerant,

211 3508 434 3584 naturalibus
470 3507 624 3608 expulsis
663 3505 891 3594 haeredibus,
932 3505 1117 3580 monachis
1156 3502 1278 3577 Sancti

210 3628 353 3701 Ebrulli
375 3653 498 3727 graves
523 3625 704 3699 molestias
730 3640 766 3696 et
789 3623 918 3696 damna
943 3620 1160 3695 inserebant.
1185 3618 1279 3693 Num

211 3747 459 3845 unusquisque
479 3758 632 3829 terram,
655 3741 711 3814 vel
728 3741 925 3827 ecclesiam,
945 3766 1005 3812 seu
1023 3739 1199 3813 decimam
1219 3762 1279 3811 au·

212 3858 351 3933 ferebat
362 3915 372 3948 ,
397 3874 434 3933 et
458 3885 573 3930 novus
591 3856 697 3929 abbas
715 3873 756 3928 ut
776 3856 910 3929 advena
928 3883 1050 3928 rerum
1070 3855 1283 3928 donationes

214 3976 421 4077 ignorabam
443 3994 479 4063 et
497 3975 663 4074 indagare
679 3974 815 4063 abhis,
831 3973 1014 4074 inquibus
1033 3973 1183 4045 minime
1196 3996 1285 4046 cou-

214 4091 364 4178 fidebat,
394 4091 646 4167 certitudinem
675 4117 817 4181 rerum,
845 4117 933 4189 quas·
956 4087 1160 4162 Rodbertus
1187 4085 1284 4159 filius

215 4212 405 4311 llelgonis,
424 4226 461 4284 et
476 4210 628 4287 Geroius
646 4209 739 4283 filius
755 4208 783 4283 F
786 4207 893 4282 ulcoii
911 4209 956 4281 de
976 4205 1198 4297 Mosteroto,
1220 4227 1284 4277 tou
