2910 4980
191 439 251 501 342
458 437 652 500 ¹lllS'l'OllIll
674 437 977 500 Ecctususttct.

195 558 235 614 15.
332 557 440 613 Flavius
451 558 568 631 insignis
580 559 717 614 virtutum
731 558 801 614 flore
813 556 935 625 refulsit,

332 647 556 722 Commisscsque
568 647 620 704 sibi
634 649 726 705 diviua
739 648 801 722 lege
811 649 983 722 mplevit(1).

191 774 258 847 Hic
266 774 490 861 xxxvannis,
503 788 666 874 tempore
673 773 893 875 Symmachi,
903 773 1120 864 llormisdae,
1129 772 1259 850 Johan·

191 891 247 962 nis
257 944 267 978 ,
283 890 429 979 Felicis,
448 888 649 982 Bonesacii,
666 890 841 965 Johannis
855 904 895 964 et
908 891 1049 991 Agapiti
1062 917 1257 991 paparum,

191 1008 259 1082 sub
273 1007 459 1083 Anastasio
476 1026 513 1083 et
526 1010 548 1082 J
551 1009 671 1084 ustino
686 1010 829 1084 seniore
844 1034 885 1082 ac
899 1010 1103 1084 Justiuiano
1118 1008 1257 1087 floruit,

190 1125 376 1200 Defuncto
397 1125 599 1214 Clodoveo,
624 1123 892 1226 Sigismuudus,
912 1123 1164 1200 Childebertus
1181 1125 1257 1224 (a),

191 1244 323 1344 aliique
336 1243 402 1316 filii
419 1248 495 1344 ejus
509 1260 769 1319 successerunt.
785 1242 976 1318 Lotharius
987 1257 1122 1332 sutem,
1137 1243 1261 1318 omni-

192 1358 259 1433 bus
272 1374 463 1459 superstes,
479 1361 583 1433 annis
596 1385 631 1432 11
644 1360 681 1431 111
697 1360 845 1433 Francia
855 1359 1038 1460 regnavit3
1053 1363 1154 1459 cujus
1167 1375 1260 1434 tem·

190 1502 280 1574 pore
300 1479 548 1550 launomarus
567 1492 603 1550 et
621 1474 815 1560 Ebrulfus,
843 1474 974 1575 aliique
998 1477 1111 1549 sancti
1134 1475 1260 1549 virilu

192 1621 305 1694 regno
318 1597 392 1693 ejus
408 1576 628 1669 floruerunt.
640 1590 1189 1668 TmnsamundusVandalorum
1200 1619 1261 1668 rex

192 1711 354 1785 ecclesias
372 1708 564 1786 catholicas
583 1712 732 1799 clausit,
768 1728 804 1785 et
829 1736 924 1783 ccxx
947 1714 1134 1812 episcopos
1152 1712 1261 1787 exilio

193 1825 394 1899 Sardiniam
411 1827 528 1916 misit,
545 1827 676 1928 quibus
690 1854 779 1926 papa
795 1826 1030 1926 Symmachus
1046 1830 1147 1903 omui
1165 1855 1261 1904 anno

193 1944 362 2043 pecunias
382 1959 419 2016 ct
440 1959 554 2018 vestes
578 1945 810 2017 ministravit.
831 1943 1033 2017 Anastasius
1050 1945 1260 2044 imperator,

194 2061 277 2160 quia
288 2059 413 2135 haeresi
424 2060 545 2135 favens
554 2058 933 2135 Euticetiscatholicos
944 2062 1126 2136 insecutus
1134 2077 1202 2149 est,
1214 2061 1263 2135 di-

195 2179 282 2253 vino
294 2177 448 2252 fulmine
460 2179 582 2276 periit.
594 2176 777 2251 lohannes
787 2205 876 2277 papa
889 2177 956 2251 sub
968 2180 1113 2254 Justino
1122 2180 1263 2256 seniore

196 2293 511 2392 Constantinopoli
532 2319 669 2366 caecum
688 2293 904 2366 illuminavit
915 2323 926 2382 ς
945 2318 1074 2393 quem,
1089 2294 1181 2367 dum
1196 2296 1264 2368 Ra·

196 2435 350 2483 vennam
360 2409 507 2498 rediret,
517 2408 825 2508 Theodericus(3)
833 2410 999 2509 peremit.
1007 2408 1264 2511 Symmachum

197 2550 343 2624 quoquc
370 2525 561 2625 patricium
585 2540 622 2599 et
639 2524 806 2598 Boetium
827 2526 988 2613 necavit;
1015 2542 1051 2598 et
1074 2525 1149 2624 ipse
1167 2551 1266 2600 anno

198 2660 370 2745 sequente
387 2641 504 2716 subita
525 2660 642 2718 morte
664 2644 783 2742 periit.
804 2642 870 2716 Cui
893 2669 1005 2742 nepos
1026 2647 1102 2742 ejus
1119 2643 1267 2717 Athala-

201 2865 303 2921 second
316 2867 427 2940 parvlut
440 2872 457 2922 a
470 2867 637 2941 l'episcopat.
648 2868 728 2923 Saint
742 2866 860 2923 Godard
875 2869 966 2940 sie'gea
978 2884 1014 2922 au
1025 2868 1149 2940 premier
1162 2865 1268 2922 concile

201 2952 350 3010 ‹l'Orleaus
365 2973 401 3009 eu
412 2953 474 3023 511,
488 2965 517 3011 et
532 2973 563 3011 ce
580 2955 624 3010 lut
639 2954 679 3010 lui
696 2957 746 3030 qui
764 2973 839 3010 sacra
857 2956 929 3010 saint
945 2955 997 3023 Lu,
1017 2955 1122 3029 e'veque
1138 2955 1176 3010 de
1192 2954 1267 3012 cou-

200 3056 304 3101 tances.
315 3045 412 3117 Quaut
421 3048 437 3101 a
446 3046 518 3101 saint
529 3045 658 3114 Medard,
672 3046 777 3120 evaque
785 3045 821 3100 de
833 3045 932 3118 Ncyou
945 3063 1006 3100 vers
1017 3042 1084 3114 530,
1095 3043 1170 3101 etde
1179 3046 1268 3100 Tour-

202 3137 248 3192 nai
257 3154 293 3191 cu
304 3133 372 3205 532,
385 3134 406 3190 il
420 3145 536 3191 mourut
544 3154 604 3191 vers
612 3135 676 3202 545.
690 3136 727 3190 La
740 3133 815 3190 seule
827 3134 1014 3191 urcunstmce
1023 3133 1145 3209 possible
1152 3133 1223 3189 dans
1231 3133 1270 3188 lu

202 3225 350 3282 traditious
363 3227 413 3301 qui
427 3226 467 3282 les
484 3236 668 3294 conseruent,
689 3226 773 3281 serait
788 3222 870 3298 qu'ils
887 3234 998 3279 eussent
1014 3226 1059 3280 e'tc
1071 3223 1169 3279 sverm.
1184 3222 1270 3279 Notre

203 3329 304 3373 auteur
315 3316 385 3371 n’est
399 3316 581 3389 pasheureux
593 3315 661 3370 dans
673 3314 699 3370 la
713 3313 825 3369 lixatiou
841 3312 889 3367 des
906 3312 982 3368 dates
997 3312 1124 3368 relatives
1139 3316 1156 3368 11
1168 3311 1269 3369 Clovis.

204 3409 240 3462 La
255 3406 417 3462 conversios
430 3403 465 3459 tle
483 3423 515 3459 ce
528 3405 625 3478 prince
637 3413 686 3458 eut
697 3402 755 3457 lieu
771 3420 806 3456 en
821 3400 888 3475 496,
900 3412 929 3456 et
939 3419 996 3457 non
1008 3419 1044 3455 eu
1056 3399 1108 3467 488
1123 3417 1234 3456 comme
1245 3398 1271 3454 le

203 3509 283 3572 porte
296 3497 323 3552 lc
338 3496 492 3551 manuscrit
503 3495 539 3550 de
555 3482 777 3560 Salat-Evroult,
797 3510 835 3548 ou
853 3491 904 3567 498
921 3491 999 3547 selon
1009 3491 1036 3546 la
1048 3490 1128 3565 lcpou
1144 3490 1185 3544 du
1197 3499 1270 3545 texte

205 3585 240 3641 dc
249 3585 406 3639 Duchesne.
416 3584 494 3638 Nous
505 3584 679 3639 n’entrercns
686 3598 735 3655 pas
744 3579 951 3635 dausl’euamen
960 3578 1009 3634 des
1016 3588 1110 3634 autres
1116 3577 1184 3633 faits
1192 3595 1270 3632 accu-

205 3675 293 3729 mules
306 3672 374 3727 dans
386 3690 417 3726 ce
430 3672 616 3745 paragrapho,
629 3681 658 3727 et
666 3670 735 3726 dont
747 3669 773 3723 la
782 3669 895 3743 plupart
908 3678 958 3723 out
970 3667 1033 3738 dejs
1042 3670 1087 3723 ete
1098 3666 1220 3722 rectilies
1231 3666 1271 3720 ci·

203 3767 307 3821 dessus.

239 3859 277 3927 (1)
296 3857 335 3911 Ce
353 3854 441 3927 prelat
462 3855 554 3907 assista
571 3872 623 3907 aux
641 3853 771 3926 premier,
791 3851 934 3908 deuxieme
955 3859 984 3904 et
999 3849 1140 3905 troisicme
1154 3845 1271 3902 coucilcs

206 3947 352 4004 ‹l'Orleans
364 3964 399 3998 eu
409 3941 476 4006 533,
490 3941 542 3998 538
553 3954 581 3997 et
591 3941 652 4009 541.

240 4041 277 4106 (a)
296 4039 334 4092 Cc
349 4047 407 4090 mot
417 4052 536 4108 mauquc
546 4033 613 4087 dans
626 4033 650 4086 le
661 4033 812 4087 manuscrit
825 4030 859 4084 de
871 4018 1084 4085 saint-Erroult.
1097 4027 1146 4083 On
1157 4027 1275 4098 saitquc

208 4128 298 4180 Clovis
311 4128 353 4180 n’a
362 4127 460 4196 jamais
473 4144 508 4179 cu
521 4123 555 4178 dc
568 4123 609 4178 fils
621 4123 658 4177 du
671 4142 736 4178 nom
752 4123 787 4177 de
800 4121 957 4193 Sigismond

242 4213 278 4283 (3)
298 4217 390 4268 lisca·
413 4214 607 4268 Theudoricus.
