2910 4980
212 334 270 394 398
484 328 667 390 HISTORIA
688 330 994 438 Eccttstasrlct.

210 475 299 550 papa
315 448 429 520 factus
440 463 503 521 est.
518 448 635 521 Hicin
649 447 790 538 itinere,
805 449 892 524 dum
905 453 1057 526 Romam
1068 468 1265 553 expetctct,

211 567 355 667 angelos
369 582 534 639 canentes
550 566 685 638 audivit
699 598 707 637 :
722 569 825 641 Dicit
837 569 1037 644 Dominus:
1051 573 1138 672 Ego
1152 575 1266 674 cogito

210 685 446 782 cogitationes
458 686 569 783 pacis
585 698 621 753 et
642 709 716 755 non
734 684 941 786 afflictionis
948 694 962 775 ,'
988 700 1057 760 cte.
1076 687 1266 763 Praedictns

209 825 299 901 papa
316 799 439 873 multis
456 797 562 872 bouis
579 797 739 887 studuit,
762 797 856 873 bene
877 800 1015 901 agendo
1030 816 1068 875 et
1089 799 1185 878 bene
1204 803 1266 880 do·

209 916 325 991 ceudo
342 915 492 988 subditis
510 915 699 1015 insigniter
712 914 864 1014 profuit.
882 919 924 990 ln
937 915 1067 990 Gallias
1084 917 1185 995 airno
1200 920 1265 996 llo·

209 1035 352 1107 minicae
366 1033 621 1106 incarnationis
633 1047 674 1104 n⁰
687 1032 939 1122 xt⁰1x⁶venit,
952 1033 1135 1107 ecclesiam
1150 1036 1186 1108 S.
1200 1037 1266 1112 lle·

208 1151 308 1252 migii
325 1152 523 1223 Remorum
538 1147 793 1249 archiepiscopi
810 1149 881 1225 tal.
900 1150 1059 1223 octobris
1074 1150 1264 1242 dedicarit,

208 1283 245 1342 et
262 1292 392 1366 corpus
414 1269 501 1365 ejus,
521 1265 695 1337 instinctu
710 1265 875 1337 Hermari
891 1263 1048 1355 abbatis,
1068 1266 1108 1339 iu
1129 1265 1263 1356 locum,

207 1381 271 1454 ubi
304 1407 402 1453 nunc
435 1394 638 1469 veneratur,
672 1379 827 1478 gloriose
858 1380 1042 1453 transtulit
1073 1379 1142 1478 (t).
1169 1383 1267 1455 Tunc

207 1498 342 1572 ibidem
371 1497 534 1598 generale
560 1494 754 1569 concilium
777 1496 914 1585 tenuit,
937 1510 974 1569 et
1007 1496 1104 1570 inter
1134 1497 1268 1598 reliqua

207 1616 364 1690 ecclesiae
395 1612 580 1686 commoda
611 1638 692 1712 quae
724 1612 900 1701 instituit,
924 1610 1146 1713 presbyteris
1175 1640 1266 1687 arma

206 1733 302 1806 ferre
324 1746 360 1804 et
383 1733 549 1829 conjuges
573 1727 702 1802 habere
722 1728 912 1828 prohibuit
930 1731 999 1829 (2).
1022 1730 1164 1805 Exinde
1180 1756 1267 1806 oon-

205 1846 355 1922 suetudo
388 1844 526 1920 lethalis
563 1846 735 1944 paulatim
773 1847 957 1921 exinanire
995 1848 1122 1945 coepit.
1161 1847 1266 1921 Ama

204 1965 349 2069 quidem
368 1963 463 2038 ferre
477 1962 679 2064 presbyteri
700 1966 777 2062 jam
791 1979 974 2064 gratanter
988 1962 1147 2053 desiere,
1172 1964 1232 2039 sed
1247 1992 1265 2038 a

205 2082 391 2184 pellicibus
409 2082 524 2155 adhuc
546 2081 680 2155 nolunt
701 2078 899 2168 abstinere,
920 2107 987 2155 nec
1008 2080 1193 2179 pudicitiae
1211 2084 1267 2155 in-

203 2201 352 2276 haerere.

255 2316 510 2417 [roffi-1089]
532 2316 643 2415 Supra
661 2313 777 2387 dictus
792 2314 904 2388 Fulco
922 2315 1096 2403 decanus,
1114 2316 1264 2390 diutinae

203 2432 729 2533 corruptionissaniefoedatus,
738 2431 781 2504 ad
791 2432 937 2507 meliora
948 2448 1107 2506 mentem
1118 2434 1262 2524 extulit3

197 2550 559 2652 jamquesilicernius‚
567 2548 939 2649 consiliomonituquc
947 2549 1117 2625 Falconis
1125 2550 1191 2623 filii
1200 2551 1264 2637 sui,

201 2671 348 2744 Uticum
363 2666 545 2766 confugit,
562 2680 598 2739 et
616 2665 891 2754 monachatum,
911 2692 988 2737 non
1005 2682 1078 2738 tam
1094 2667 1265 2739 saeculum

200 2786 383 2873 deserens,
403 2808 511 2882 quam
529 2808 548 2853 a
566 2782 698 2855 saeculo
715 2780 924 2874 derelictus,
943 2783 1163 2882 impetravit.
1185 2783 1261 2871 llic,

201 2900 289 2973 dum
305 2896 502 2969 monachus
524 2896 637 2968 factus
656 2913 726 2985 est,
747 2897 928 2971 ecclesiam
948 2896 992 2970 de
1009 2896 1263 2972 Guarleinrilla

199 3032 236 3089 ct
249 3030 381 3090 terram
394 3013 438 3086 ad
451 3040 527 3086 eam
539 3016 781 3113 pertinentem
790 3017 827 3087 S.
841 3014 997 3087 Ebrulfo
1009 3013 1122 3104 dedit,
1138 3014 1262 3087 aliam-

199 3159 269 3235 que
283 3147 416 3206 terram
431 3131 597 3204 similiter
612 3129 728 3218 dedit,
745 3157 853 3232 quam
870 3132 908 3202 iu
921 3129 1042 3205 eadem
1055 3130 1140 3203 villa
1156 3133 1259 3232 Hugo

198 3249 397 3350 Baj00ensis
422 3248 607 3347 episcopus
631 3247 687 3344 (3)
710 3248 742 3320 ei
773 3247 934 3335 dederat,
958 3270 1140 3345 quamque
1167 3243 1257 3319 idem

230 3567 271 3633 (ι)
290 3563 384 3634 Voyez
397 3561 548 3626 ci-dessus,
562 3559 581 3613 l.
597 3580 618 3628 ι,
633 3581 661 3634 p.
681 3559 745 3626 183,
760 3560 819 3615 etl.
835 3578 869 3628 n,
885 3581 913 3633 p.
928 3560 990 3626 458.

229 3652 268 3721 (a)
286 3649 363 3704 Nous
375 3649 485 3703 n’avons
497 3650 595 3703 trouve
606 3647 674 3703 dans
683 3648 722 3704 les
733 3665 834 3703 canons
846 3647 885 3703 du
896 3648 1002 3703 concile
1013 3647 1049 3703 de
1058 3647 1156 3702 Reims
1165 3663 1308 3702 aucuns

195 3756 282 3794 canon
296 3737 389 3792 relatis
396 3755 432 3791 au
442 3739 564 3810 mariage
576 3735 625 3791 des
633 3736 748 3810 pretres,
760 3737 828 3791 mais
837 3736 990 3791 seulement
995 3735 1110 3791 celui-ci
1122 3758 1128 3788 z
1139 3734 1308 3807 Nequis-

193 3829 353 3883 clericorum
378 3846 457 3881 arma
484 3828 613 3880 militaria
639 3836 760 3899 gestaret
783 3837 833 3881 aut
855 3825 1006 3880 mumdum
1032 3827 1138 3880 militioe
1160 3824 1308 3879 dacr—

193 3919 268 3970 viret.

226 4004 263 4075 (5)
281 4008 320 4062 Ce
336 4004 438 4078 prelat,
459 4023 493 4058 eu
507 4021 535 4058 sa
547 4003 651 4078 qualite
664 4004 698 4058 de
718 4005 759 4059 fils
770 4004 805 4059 de
818 4002 921 4071 Raoul,
939 4013 1029 4058 comte
1045 4002 1144 4068 d’Ivri,
1158 4004 1308 4074 pont—

191 4095 249 4149 dait
257 4094 291 4149 de
305 4106 390 4148 vastes
400 4096 553 4167 proprietta
568 4112 615 4148 sur
627 4094 716 4149 divers
727 4095 819 4166 points
833 4094 872 4148 ‹lu
883 4094 1074 4166 departement
1086 4090 1122 4146 de
1131 4090 1232 4147 l’Eure.
