2910 4980
188 453 297 529 [voss]
559 446 677 510 traua
697 448 875 509 suenus.
1195 451 1252 510 153

188 573 291 671 puit3
318 569 507 669 iudignum
527 568 660 642 ducens
688 581 731 640 ut
751 568 795 641 ad
816 566 962 640 libitum
984 570 1108 640 matris
1129 570 1257 668 sepeli-

188 703 306 774 retur,
335 692 436 786 cujus
463 684 513 760 ob
538 686 689 759 nimium
718 685 950 785 cupiditatem
978 684 1257 760 innumerabiles

189 803 359 903 insepulti
387 817 627 876 remanerent.
658 805 736 902 lpse
760 804 832 875 suis
855 805 1039 904 ingentem
1065 802 1256 905 sepeliendi

189 948 316 995 cusam
331 918 491 996 exhiberi
509 921 702 1021 praecepit3
718 919 843 1024 Anglis
864 948 1012 1023 quoque
1031 922 1171 994 cunctis
1189 948 1257 995 vo-

191 1035 350 1114 lentibus
376 1063 539 1137 quosque
559 1038 603 1110 ad
625 1036 848 1112 humandum
872 1038 1023 1113 liberam
1045 1053 1258 1139 potestatem

190 1154 380 1229 concessit.
416 1154 496 1226 Suis
524 1169 644 1227 autem
676 1172 786 1254 prout
819 1171 908 1228 tnnc
940 1156 1061 1229 decuit
1090 1155 1257 1254 sepultis,

190 1269 432 1344 Romaneium
450 1271 508 1368 (1)
525 1273 692 1361 accessit,
717 1286 754 1345 et
770 1273 980 1373 expugnatis
1004 1270 1058 1344 his
1076 1272 1138 1372 qui
1162 1272 1260 1344 intus

192 1400 317 1471 munt,
342 1385 476 1458 cladem
497 1411 647 1459 suorum
669 1387 888 1479 vindicavit,
912 1413 1002 1486 quos
1027 1386 1113 1458 illuc
1137 1413 1260 1461 errore

193 1501 361 1601 appulsos
390 1501 465 1575 sera
498 1528 585 1602 gens
616 1502 740 1576 adorta
773 1503 900 1602 praelio
933 1502 1050 1578 fuerat
1064 1557 1075 1591 ,
1112 1517 1148 1576 et
1177 1528 1261 1574 cum

192 1619 354 1691 maximo
377 1619 563 1718 utriusque
584 1621 695 1718 partis
713 1619 933 1696 detrimento
951 1619 1106 1693 fuderat.

240 1735 379 1809 Deinde
394 1735 467 1808 dux
487 1736 675 1810 contendit
690 1737 887 1827 Iloveram,
907 1737 969 1812 ubi
988 1739 1125 1811 multus
1140 1763 1262 1839 popu-

193 1850 250 1924 lus
265 1865 501 1951 congregatus
521 1867 597 1924 erat
615 1878 683 1950 pro
706 1852 993 1955 inexpugnabili,
1013 1871 1055 1927 ut
1077 1853 1145 1927 sibi
1164 1854 1264 1928 vide-

192 1964 316 2056 batur,
334 1969 539 2043 muuitione
549 1997 560 2057 ;
582 1970 665 2070 quia
682 1968 719 2043 id
732 1970 917 2045 castellum
930 1972 1042 2043 situm
1055 1987 1107 2045 est
1124 1971 1161 2044 in
1175 1996 1265 2043 acu-

194 2086 331 2159 tissima
360 2112 450 2184 rupe
482 2087 571 2158 mari
602 2087 784 2188 contigua.
817 2087 1005 2160 Castellaui
1031 2102 1151 2160 antem
1176 2086 1264 2159 dum

193 2200 420 2276 obsidentem
443 2201 570 2276 ducem
592 2218 814 2292 metuerent,
837 2202 1085 2304 supplicesque
1107 2202 1265 2276 deditio-

196 2345 281 2394 nem
297 2335 486 2419 pararent‚
507 2319 804 2394 Normannorum
822 2321 990 2422 armigeri
1010 2345 1078 2419 pro
1096 2319 1265 2420 cupidine

195 2437 331 2538 praedae
359 2439 478 2538 ignem
510 2439 731 2536 injecerunt,
761 2455 798 2512 et
823 2440 941 2512 voraci
969 2438 1111 2511 flamma
1139 2439 1266 2518 leviter

199 2553 372 2628 volitante
402 2556 571 2654 pleraque
597 2571 762 2656 correpto
788 2572 824 2630 et
848 2555 1035 2630 combusta
1062 2570 1160 2629 sunt.
1184 2557 1266 2627 Dux

200 2686 319 2745 autem
346 2670 479 2746 damno
507 2697 634 2747 eorum
661 2675 723 2773 qui
754 2672 820 2746 sibi
855 2673 1006 2748 subdere
1036 2700 1073 2747 se
1098 2670 1268 2748 volebant

201 2813 403 2888 compassus
436 2804 513 2877 est,
543 2790 773 2890 pretiumque
803 2789 1105 2863 restituendarum
1135 2788 1268 2862 aedium

200 2903 315 2994 dedit,
335 2905 472 3007 aliaque
492 2908 615 2979 amissa
635 2909 931 3006 recompensavit.
955 2908 1113 3007 Recepto
1135 2921 1266 2995 castro,

201 3048 273 3127 quo
294 3023 416 3096 minus
440 3041 517 3098 erat
538 3050 604 3123 per
625 3023 699 3098 dics
719 3040 803 3099 octo
826 3025 996 3097 munivit.
1025 3023 1159 3097 Milites
1180 3048 1267 3096 vero

201 3139 403 3216 recentibus
421 3141 495 3214 illic
516 3141 684 3214 carnibus
703 3157 739 3216 et
757 3170 846 3244 aqua
869 3159 1028 3230 utentes,
1053 3141 1157 3213 multi
1180 3166 1269 3239 pro-

203 3257 313 3330 lluvio
323 3259 459 3330 ventris
470 3258 619 3331 extincti
632 3273 736 3353 sunt,
747 3260 968 3359 plurimique
980 3284 1092 3359 usque
1104 3259 1146 3329 ad
1157 3256 1268 3329 linem

203 3376 286 3449 vitae
304 3372 480 3449 debilitati
505 3390 603 3448 sunt.
627 3378 710 3449 Dux
729 3376 818 3450 inibi
840 3377 1036 3451 custodiam
1059 3375 1267 3474 relinquens

204 3506 239 3564 et
256 3490 476 3593 dyssenteria
492 3491 715 3591 languentes,
730 3492 773 3565 ad
793 3492 1078 3592 perdomandum
1096 3515 1188 3590 quos
1205 3489 1268 3563 de-

205 3609 290 3681 vicit
310 3607 566 3707 proficiscitur.
589 3609 696 3682 Ultro
721 3610 904 3681 Cantuarii
929 3609 983 3708 (a)
1002 3632 1078 3682 non
1103 3606 1268 3705 procula

205 3724 341 3801 llorera
356 3741 574 3815 occurrunt,
595 3725 803 3800 fidelitatem
813 3731 939 3825 jurant
957 3743 994 3801 et
1010 3724 1150 3800 obsides
1166 3724 1266 3797 dunt.

237 3988 276 4058 (r)
294 3984 432 4059 llomney.

237 4076 276 4147 (a)
293 4074 334 4130 Ce
342 4085 403 4130 mot
414 4093 449 4130 ue
458 4075 567 4147 signiae
579 4093 627 4147 pas
637 4074 672 4128 ici
683 4072 722 4127 les
734 4072 874 4128 habitante
883 4071 919 4126 de
928 4069 1112 4141 Canterbury,
1124 4067 1193 4121 mne
1202 4085 1270 4122 ceux

208 4162 313 4221 decom
328 4164 356 4220 le
371 4167 463 4220 comte
480 4164 516 4220 dc
535 4166 614 4220 Keut.
631 4164 746 4219 Suivant
764 4162 820 4218 Gui
840 4161 995 4228 d'Amiens‚
1009 4158 1171 4216 Guillaume
1188 4159 1272 4211 serait

208 4254 276 4308 reste
290 4253 356 4327 cinq
363 4252 444 4326 jours
453 4252 523 4308 dans
534 4270 584 4308 son
594 4270 675 4325 camp
687 4251 856 4323 d’llastings.
871 4256 896 4306 A
909 4249 1006 4305 moitie
1019 4247 1131 4303 chemin
1144 4244 1179 4300 de
1192 4245 1269 4300 Don-

209 4359 264 4396 vrrs
269 4383 277 4412 ‚
292 4341 311 4397 il
324 4343 413 4399 attuit
424 4344 573 4399 rcucontri
583 4342 623 4397 les
632 4341 772 4398 habitante
781 4342 829 4415 qni
841 4340 880 4397 lui
891 4358 925 4396 en
942 4339 1116 4414 apportaicnt
1127 4336 1164 4391 les
1177 4334 1253 4392 clete.
