2910 4980
193 439 250 498 258
467 433 652 493 HISTORIA
673 430 976 491 Ecctssttsttcl.
1150 434 1257 512 [tots]

193 552 412 628 reconciliati
426 568 532 640 sunt,
548 566 585 624 et
598 552 910 624 Cenomannenses
923 549 1180 639 nihilominus,
1195 553 1257 653 qui

192 686 318 746 contra
327 694 449 769 regem
456 694 526 767 pro
536 668 960 756 comiteinsurrexerant,
968 667 1145 767 pacificati
1157 685 1255 742 sunt.

191 786 264 878 Sic,
273 784 384 885 gratia
392 780 768 882 Deimitiganteeorda
776 782 997 881 principum,
1005 799 1125 856 reatus
1133 785 1259 882 poeni-

191 901 348 976 tentium
360 897 556 999 utrobique
568 897 697 989 indulti
710 912 809 986 sunt,
824 912 860 972 et
869 897 1047 973 benivolae
1056 898 1193 999 plebes,
1203 926 1259 975 se-

192 1044 278 1092 rena
287 1041 373 1115 paee
383 1029 658 1114 tempestuosam
668 1012 892 1114 nigredinem
901 1015 1257 1116 tumultuumproeul

190 1133 360 1235 pellente,
374 1132 489 1231 palam
507 1131 637 1204 laetatae
653 1145 750 1204 sunt.
771 1132 857 1203 Haee
876 1131 1049 1204 nimirum
1061 1157 1156 1230 pax,
1174 1158 1257 1233 quae

193 1251 289 1324 inter
305 1275 426 1350 regem
443 1263 480 1320 et
495 1247 688 1346 praefatum
705 1247 875 1320 comitem
895 1248 932 1318 in
951 1247 1048 1335 loco,
1068 1249 1132 1348 qui
1150 1248 1257 1349 vulgo

192 1363 428 1439 Blanealanda
438 1363 492 1462 (1)
502 1363 559 1436 vel
569 1361 717 1435 Buteria
730 1361 876 1451 dicitur,
888 1361 981 1437 faeta
992 1380 1058 1453 est,
1070 1365 1175 1439 omni
1187 1364 1256 1437 sita

194 1483 285 1582 regis
301 1479 345 1554 ad
361 1478 567 1579 profectum
585 1478 771 1579 utriusque
786 1479 984 1577 provinciae
999 1481 1211 1579 permansit.

242 1596 344 1668 Xlll.
361 1594 503 1693 [¹074]
520 1594 658 1667 Verum
669 1591 796 1668 eodem
810 1608 971 1693 tempore
988 1594 1054 1667 alia
1069 1611 1257 1695 tempestas

193 1710 397 1813 gravissima
409 1723 488 1782 orta
501 1723 570 1800 est,
579 1735 660 1809 quae
676 1735 765 1780 saeva
780 1711 888 1782 nimis
901 1728 937 1784 et
949 1709 1120 1786 damnosa
1135 1711 1258 1787 multis

194 1826 533 1927 inAngliafactaest.
541 1826 622 1899 Duo
630 1828 869 1924 potentissimi
877 1828 1254 1928 Anglorumcomites:

193 1945 368 2044 Rogerius
392 1941 643 2017 Herfordensis
667 1944 722 2041 (2)
746 1959 783 2016 et
804 1947 963 2018 sororius
987 1950 1062 2045 ejus
1086 1946 1258 2021 Radulfus

193 2057 541 2156 Nortbwiceiisis(3)
558 2058 691 2157 pariter
702 2055 939 2133 decreverunt
955 2075 997 2131 ut
1013 2060 1129 2159 palam
1143 2060 1259 2136 rebel·

194 2177 311 2250 larent
320 2229 333 2268 ,
350 2190 386 2248 et
402 2175 607 2275 principatu
624 2174 764 2274 Angliae
787 2174 982 2253 Guillelmo
999 2178 1074 2278 regi
1091 2194 1258 2278 surrepto

193 2293 261 2366 sibi
274 2298 333 2393 jus
342 2345 353 2381 ,
370 2294 483 2365 immo
496 2291 725 2391 tyrannidem
738 2310 970 2368 assumerent.
984 2294 1135 2370 Castella
1151 2298 1258 2397 igitur

193 2439 254 2485 sua
272 2410 436 2484 oertatim
452 2410 657 2498 offirmant,
677 2437 775 2482 arma
792 2429 1019 2511 praeparant,
1042 2415 1177 2489 milites
1194 2440 1257 2516 sg-

193 2543 360 2627 gregant,
375 2526 502 2598 vicinis
517 2541 554 2598 et
568 2525 793 2626 longinquis,
809 2527 847 2599 in
863 2526 996 2626 quibus
1008 2528 1256 2621 confidebant,

194 2647 327 2746 legatos
344 2668 426 2718 suos
448 2641 659 2742 frequenter
679 2643 879 2731 destinant,
898 2660 935 2718 et
955 2646 993 2718 in
1019 2673 1127 2720 suum
1144 2648 1257 2721 adnn-

193 2761 355 2834 nieulum
376 2785 624 2860 quoscumque
650 2776 803 2859 possunt
826 2763 1011 2860 promissis
1033 2781 1071 2836 et
1093 2764 1257 2864 precibus

195 2878 363 2950 invitant.
378 2875 619 2948 Consideratis
633 2900 754 2950 rerum
768 2878 1093 2974 permutationibus
1113 2898 1151 2953 et
1166 2898 1257 2956 tem·

194 3018 325 3091 porum
333 2988 679 3090 opportunitatibus,
692 2989 891 3064 dicuntsibi
902 2994 1160 3069 confoederatis
1168 3010 1257 3072 etse

193 3106 435 3184 sentnntibus:
451 3108 582 3179 Cuncti
593 3111 775 3207 sapientes
786 3109 962 3209 definiunt
972 3135 1174 3210 congruum
1181 3131 1256 3185 terit·

231 3387 270 3457 (ι)
287 3384 368 3440 Cette
381 3381 462 3436 lande
472 3391 560 3436 estun
568 3391 642 3435 vaste
654 3380 794 3435 territoire
805 3381 911 3452 maigre
922 3391 951 3435 et
960 3380 1145 3450 sablonneux,
1156 3381 1256 3457 quide

197 3471 418 3531 raits'etendret
428 3480 500 3526 cette
513 3473 620 3543 epoque
631 3489 667 3524 au
679 3469 749 3524 midi
758 3469 798 3524 du
809 3471 882 3535 Loir,
896 3470 995 3543 depuis
1004 3472 1254 3537 sainte-cuomte

195 3564 334 3635 saubourg
342 3562 377 3616 de
386 3560 412 3614 la
419 3560 529 3627 Fleehe,
538 3560 648 3634 jusqu't
661 3559 849 3615 saint-Marde
858 3560 894 3614 de
907 3562 970 3629 Cre,
980 3564 1018 3616 ou
1029 3560 1050 3616 tl
1060 3564 1148 3619 existe
1160 3581 1256 3620 enom

197 3673 252 3709 une
265 3653 351 3706 lerme
362 3660 474 3723 portant
482 3649 509 3704 le
519 3667 584 3704 nom
596 3649 631 3704 de
645 3647 854 3704 Blanchelande.
867 3650 921 3705 Sur
934 3649 959 3703 la
972 3668 1120 3706 commune
1130 3652 1257 3709 interut

197 3742 285 3797 diaire
298 3739 333 3793 de
346 3739 456 3792 Thoree
470 3736 521 3792 elle
533 3747 575 3792 est
587 3737 720 3792 sillonnee
736 3757 785 3810 par
797 3755 837 3791 un
851 3738 973 3792 rnisseau
986 3737 1084 3811 appele
1098 3737 1139 3794 les
1154 3740 1256 3797 carus.

232 3831 272 3898 (a)
291 3827 385 3898 Roger
397 3824 432 3879 de
446 3823 580 3891 breteuil,
594 3835 685 3879 comte
697 3824 872 3880 d’Hereford.
1136 3885 1139 3890 Α

233 3917 272 3989 (3)
289 3916 379 3971 Raoul
395 3914 430 3969 de
441 3914 556 3970 Guader
569 3933 605 3968 ou
621 3914 656 3969 de
667 3914 752 3979 Gael,
768 3925 859 3970 comte
870 3915 905 3969 de
916 3913 1047 3982 Nonou,
1061 3914 1258 3972 sumommdle

198 4008 314 4072 Breton,
329 4009 343 4059 al
358 4021 437 4059 cause
450 4002 485 4057 de
497 4020 546 4057 son
560 4003 668 4074 origine
681 4004 871 4058 armorieaine.
886 4004 942 4058 Son
960 4005 1026 4076 pdte
1038 4005 1108 4060 e‘tait
1124 4004 1211 4061 etabli
1226 4022 1257 4059 en

198 4093 361 4164 Angleterre
375 4102 454 4145 avant
473 4090 498 4144 la
516 4092 667 4164 conquest,
689 4103 718 4146 et
734 4111 752 4163 y
771 4093 842 4147 avait
853 4095 978 4147 surrecu.
993 4093 1039 4149 On
1059 4093 1084 4148 le
1096 4104 1197 4150 nonve
1209 4094 1258 4150 eite'

197 4183 265 4235 dans
277 4200 330 4234 une
343 4182 437 4234 charte
452 4181 486 4233 de
500 4180 656 4235 Guillaurne
669 4199 731 4234 arec
744 4180 769 4234 le
782 4182 847 4236 titre
857 4180 892 4237 de
905 4192 1004 4237 comte.
