2910 4980
55 432 180 507 [uisi
425 425 541 489 iranu
563 424 746 504 QUINTUS.
1061 426 1121 491 457

55 548 193 648 physici
212 546 409 645 perniciem
424 544 631 620 bominibus
647 547 703 620 vel
723 549 1009 622 incolumitatem
1028 575 1121 648 prae-

55 667 200 751 dicunt,
219 664 392 752 amisisse,
411 666 611 764 mortisque
633 666 854 740 imminentis
873 664 1121 740 conditionem

55 781 202 858 eradere
220 808 295 854 non
319 806 434 881 posse.
457 782 576 871 Unde,
596 797 736 856 memor
752 799 899 858 aeternae
915 784 1055 872 salutis,
1078 810 1122 858 ex

56 916 136 993 toto
150 901 193 972 ad
209 899 406 982 Dominum
424 926 459 972 se
479 900 681 987 convertit,
707 901 878 1001 avideque
894 927 963 1000 pro
976 902 1048 973 vita
1062 927 1122 998 pe·

55 1022 160 1093 'renni
179 1017 359 1116 complere
377 1016 558 1090 festinavit
574 1043 691 1117 quaea
712 1016 930 1116 sapientibus
944 1016 1119 1100 audierat,

56 1155 92 1211 et
104 1136 259 1211 libenter
273 1138 482 1209 retinuerat.
500 1135 660 1229 Quadam
673 1134 849 1233 siquidem
863 1150 984 1223 nocte,
998 1133 1123 1208 audito

56 1255 177 1328 sonitu
190 1255 294 1353 signi,
307 1253 475 1338 surrexit,
489 1278 571 1324 cum
586 1277 660 1324 uuo
670 1252 800 1324 cliente
808 1277 872 1324 suo
884 1251 927 1323 ad
938 1251 1122 1324 ecclesiam

55 1372 175 1462 venit,
190 1374 391 1468 Deumque,
410 1384 452 1440 ut
468 1367 746 1442 satisfactionem
760 1395 859 1440 suam
872 1369 1049 1466 acciperet
1061 1383 1120 1439 at-

56 1514 126 1587 que
135 1487 353 1559 voluntatem
370 1484 547 1583 impleret,
560 1486 731 1557 exoravit.
742 1486 865 1557 Finito
877 1499 995 1557 autem
1008 1500 1123 1555 matu-

56 1603 159 1676 tinali
175 1604 335 1689 servitio,
349 1599 543 1675 monachos
556 1603 709 1691 vocarit,
724 1618 850 1676 votum
861 1629 966 1674 suum
977 1604 1026 1676 eis
1037 1629 1122 1701 ape-

56 1721 143 1807 ruit,
158 1734 194 1792 et
205 1717 457 1792 monachatum
468 1718 513 1789 ab
522 1720 696 1816 cispetiit.
712 1723 817 1792 Tunc
831 1721 879 1792 ibi
892 1721 1004 1793 David
1020 1727 1123 1819 prior

57 1848 151 1923 erat,
178 1852 214 1908 et
238 1861 357 1908 secum
381 1834 609 1909 honorabiles
635 1836 828 1909 monachos
855 1863 894 1909 ac
924 1836 1121 1911 sacerdotes

58 1951 209 2026 babebat
229 1983 237 2022 :
252 1950 453 2026 Johannem
467 1952 602 2024 scilicet
616 1955 847 2041 Remensem,
869 1952 1072 2027 Osbernum
1085 1970 1122 2027 et

57 2069 233 2145 Odonem.
250 2071 312 2141 His
329 2070 504 2141 nimirum
521 2069 699 2143 Ansoldus
716 2071 879 2144 associari
901 2070 1025 2142 babitu
1043 2096 1122 2168 per-

57 2190 213 2286 optavit,
234 2189 326 2259 sicut
344 2203 482 2275 mente;
501 2185 622 2260 dicens
638 2213 674 2259 se
691 2214 837 2261 omnem
855 2188 1025 2286 pietatem
1039 2213 1123 2262 con-

52 2304 146 2403 jugis
160 2318 196 2374 et
208 2301 366 2375 filiorum
379 2301 547 2389 amisisse,
561 2303 765 2375 dominium
779 2319 885 2375 terrae
895 2302 998 2374 nullo
1013 2300 1123 2374 modo

57 2419 208 2517 amplius
221 2434 354 2505 tenere,
368 2433 523 2491 mortem
536 2416 602 2489 sibi
616 2419 858 2518 propinquam
869 2445 955 2504 esse,
970 2418 1122 2518 ideoque

58 2535 122 2608 soli
142 2538 218 2607 Deo
236 2534 327 2607 velle
348 2534 549 2624 adhaerere,
571 2560 702 2632 eosque
723 2535 936 2632 petitionem
956 2533 1024 2605 sibi
1046 2560 1122 2606 nou

57 2651 186 2724 debere
200 2677 340 2750 negare.
354 2650 520 2727 Monachi
537 2668 669 2738 autem,
683 2648 759 2721 baec
768 2650 964 2738 audientes,
975 2651 1018 2723 de
1028 2648 1123 2724 bona
1244 2686 1247 2692 ·

57 2767 243 2840 voluntate
257 2768 323 2838 viri
338 2766 448 2839 laetati
462 2784 564 2853 suut,
579 2794 646 2865 prr
661 2764 812 2838 biduum
826 2783 960 2854 tamen,
975 2782 1124 2866 propter

57 2885 253 2958 absentiam
268 2887 497 2984 primogeniti
514 2883 577 2956 filii
591 2886 644 2955 sui
661 2901 698 2957 et
711 2882 860 2957 baeredis
876 2882 1011 2972 futuri,
1026 2883 1124 2985 quod

57 3003 208 3100 petierat
223 3001 454 3074 distulerunt.
475 3000 537 3072 llle
550 3024 637 3073 vero
650 3000 859 3074 dilationem
875 3012 1012 3073 tantam
1030 3027 1124 3100 aegre

58 3117 162 3205 tulit,
182 3133 352 3217 appetens
371 3115 577 3207 invisibilia,
595 3142 677 3214 quae
695 3114 923 3214 vigilantibus
939 3117 1048 3189 serris
1063 3144 1125 3215 pa-

59 3234 263 3306 terfamilias
279 3234 462 3306 retribuit.
487 3231 673 3305 Asserebat
690 3234 787 3305 enim
806 3231 875 3305 boc
892 3248 1011 3306 totum
1025 3234 1123 3307 desi-

57 3351 199 3448 derium
223 3377 328 3422 suum
354 3378 426 3423 esse
453 3367 489 3423 et
514 3365 633 3423 tutum
660 3349 768 3434 velle,
799 3376 882 3421 cum
908 3349 1123 3449 pauperibus

58 3463 191 3536 Cbristi
205 3467 340 3553 rivere,
356 3483 488 3538 etcum
502 3465 632 3538 eisdem
646 3465 756 3536 ritam
770 3463 895 3550 finire,
915 3481 956 3535 ut
968 3467 1124 3563 promis-

57 3581 208 3671 sionem,
224 3610 331 3684 quam
346 3586 417 3657 suis
431 3586 524 3658 Deus
540 3583 746 3683 pollicetur,
761 3599 880 3683 posset
894 3582 1035 3656 babere.
1049 3587 1123 3657 De-

58 3699 168 3798 nique
178 3697 289 3773 biduo
303 3716 495 3788 transacto,
510 3717 550 3771 ut
561 3701 674 3772 filium
687 3698 866 3773 advenisse
877 3701 1027 3788 audivit,
1039 3727 1124 3775 con-

51 3817 174 3914 jugem
188 3844 287 3888 suam
301 3844 383 3889 cum
398 3817 522 3890 eodem
536 3814 579 3886 ad
594 3843 631 3888 se
647 3817 813 3913 protinus
826 3815 992 3888 accedere
999 3818 1118 3916 jussit.

57 3933 195 4027 Quibus
206 3934 457 4032 praesentibus,
468 3933 544 4006 lilio
555 3959 676 4006 coram
687 3935 811 4006 multis
823 3932 999 4007 militibus
1010 3936 1120 4007 multa

56 4050 255 4139 intimavit,
283 4068 317 4123 ct
344 4079 424 4124 curn
449 4078 569 4124 coram
593 4049 756 4149 pluribus
777 4053 925 4126 diversae
949 4055 1063 4125 aetatis
1085 4073 1121 4126 et

56 4192 156 4238 sexus
173 4167 222 4237 sic
242 4168 439 4240 admonuit.
