2910 4980
475 622 645 708 traua
681 620 977 736 orturus

665 861 792 873 *ἢ

244 1024 272 1092 l.
292 1021 525 1091 Tunroatuus
543 1015 734 1088 Alexandri
756 1018 900 1090 secundi
920 1024 1089 1120 papae(1)
1103 1023 1258 1122 plurima

194 1166 258 1241 per
269 1137 397 1210 orbem
409 1161 517 1233 regna
532 1131 792 1206 calamitatibus
809 1161 978 1209 concussa
991 1154 1097 1231 sunt,
1111 1157 1149 1213 et
1164 1140 1260 1214 mul-

194 1256 332 1356 tiplices
348 1252 568 1354 populorum
581 1277 775 1323 concursus
794 1253 830 1325 in
848 1255 902 1325 sui
920 1257 1118 1352 perniciem
1135 1254 1260 1332 debac-

195 1374 287 1447 cbati
311 1388 407 1445 sunt.
425 1371 511 1443 Haec
528 1371 565 1441 in
581 1368 739 1443 occiduis
753 1369 915 1468 partibus
930 1373 1121 1475 terrigenae
1138 1402 1260 1450 sensc-

193 1509 303 1580 runt,
327 1505 364 1562 et
388 1488 506 1590 gravia
532 1486 724 1560 subeuntes
753 1486 968 1563 detrimenta
993 1493 1101 1565 nimis
1123 1494 1259 1593 experti

192 1624 291 1682 sunt.
317 1604 504 1679 Defunctis
523 1603 619 1676 enim
641 1605 787 1702 optimis
812 1606 955 1706 regibus
978 1609 1137 1684 ilenrico
1152 1610 1263 1684 Fran·

193 1749 321 1800 corum
352 1736 389 1795 et
409 1719 576 1792 Eduardo
599 1718 820 1818 Anglorum‚
851 1726 975 1797 Franci
1006 1744 1042 1799 et
1063 1727 1171 1828 Angli
1200 1728 1262 1801 diu

193 1844 367 1916 luxerunt
382 1839 493 1910 funus
510 1862 657 1925 eorum,
672 1837 754 1938 quia
772 1856 854 1939 post
870 1840 950 1915 illos
966 1843 1025 1915 vix
1046 1842 1164 1944 adepti
1178 1862 1264 1919 snut

193 1959 359 2033 dominos
380 1954 449 2028 illis
466 1952 669 2028 consimiles
680 1953 875 2028 virtutibus
893 1974 929 2030 et
944 1974 1088 2034 nectare
1100 1984 1260 2035 morum.

192 2073 358 2150 Patribus
378 2072 504 2174 patriae
527 2069 708 2146 demedio
732 2070 875 2157 ablatis,
901 2100 1097 2149 successere
1115 2078 1262 2179 tyranni

193 2194 381 2266 abutentes
399 2190 507 2264 freno
528 2190 636 2290 regiae
652 2188 923 2265 dominationis.
944 2194 1070 2294 anglia
1089 2210 1177 2267 tunc
1194 2194 1265 2271 He-

193 2309 283 2383 raldi
301 2308 456 2396 saevitia,
476 2307 708 2406 perjurioque
721 2308 858 2406 polluta
875 2311 1032 2400 corruit,
1049 2328 1085 2383 et
1098 2312 1265 2413 genuinis

193 2423 396 2500 haeredibus
409 2422 548 2511 orbata,
565 2424 722 2498 externis
736 2424 970 2524 praedonibus
983 2429 1181 2504 Guillelmo
1193 2430 1266 2501 vic-

195 2548 267 2619 tori
286 2541 488 2619 larentibus
513 2541 709 2641 subjacuit;
736 2544 831 2617 unde
847 2544 967 2618 llebile
991 2545 1109 2620 thema
1134 2548 1179 2622 de
1203 2574 1264 2621 sua

195 2665 300 2737 ruina
320 2663 389 2761 piis
413 2660 709 2760 historiographis
732 2662 776 2732 ad
799 2662 1008 2735 dictandum
1033 2665 1177 2737 tribuit.

245 2781 434 2878 Copiosam
443 2778 596 2852 faciendi
607 2778 728 2877 plures
738 2779 851 2854 libros
861 2783 1046 2854 materiam
1056 2783 1266 2884 eloquentes

197 2895 366 2996 sophistae
379 2894 604 2981 babuerunt,
620 2897 682 2996 qui
700 2898 791 2998 regis
807 2897 991 2971 Guillelmi
1007 2901 1118 2975 curiae
1131 2900 1267 2975 diutius

198 3010 442 3087 interfuerunt
449 3067 460 3101 ,
477 3029 514 3086 et
525 3028 620 3111 gesta
635 3018 709 3113 ejus
722 3016 891 3087 aerarios
904 3031 939 3087 et
952 3015 1145 3114 praeclaros
1158 3044 1268 3093 eveu-

199 3146 256 3202 tus
279 3157 319 3201 ac
337 3131 463 3201 intima
481 3145 517 3201 et
534 3129 713 3227 profunda
732 3131 878 3204 consilia
900 3150 1102 3220 noverunt,
1119 3147 1155 3205 et
1177 3132 1269 3205 divi·

201 3249 331 3321 tiarum
342 3252 416 3346 ejus
429 3249 619 3346 participes
632 3247 726 3319 ultra
739 3248 873 3323 natales
886 3274 967 3323 suos
979 3250 1173 3323 admodum
1185 3274 1269 3347 pro-

201 3368 291 3439 moti
312 3381 408 3438 sunt.
429 3365 595 3436 Ecclesiae
611 3390 758 3463 nempe,
777 3392 857 3465 quae
878 3365 945 3438 sub
968 3393 1011 3439 eo
1028 3367 1083 3438 vel
1100 3365 1147 3437 ab
1164 3391 1208 3439 eo
1225 3364 1268 3437 ad

201 3483 344 3555 laudem
363 3481 426 3554 Ilei
453 3483 489 3553 in
505 3481 670 3553 Neustria
686 3483 742 3555 vel
759 3484 889 3583 Anglia
903 3483 1006 3556 lactae
1027 3497 1129 3570 sunt,
1154 3481 1269 3557 devo-

204 3599 313 3671 tionis
324 3601 411 3695 ejus,
428 3598 672 3698 largitatisque
686 3600 723 3670 in
737 3600 801 3673 Dei
814 3602 915 3673 cultu
925 3599 1100 3673 laudabile
1110 3599 1270 3673 testimo·

205 3717 307 3788 nium
330 3733 510 3801 asserunt,
540 3715 701 3816 bonique
728 3716 836 3788 studii
865 3717 1069 3815 exemplum
1096 3714 1270 3789 imitabile

205 3831 357 3929 posteris
387 3831 546 3928 pariunt.
579 3829 755 3902 Coenobia
785 3857 930 3931 quoque
962 3831 1114 3929 plurima
1143 3831 1272 3906 devote

207 3948 427 4030 construxit,
457 3962 492 4018 et
520 3944 565 4016 ab
592 3949 667 4043 ipso
691 3946 746 4018 vel
772 3945 816 4017 ab
840 3946 917 4017 aliis
946 3948 1089 4020 condita
1116 3946 1273 4018 multum

207 4127 367 4136 --,>-—.
378 4127 637 4135 -.——-—---...--
805 4128 901 4134 ——,-,

243 4210 282 4273 (ι)
301 4203 334 4259 50
348 4206 502 4278 septembre
516 4205 627 4260 ιοόι-ἰι
646 4208 712 4261 avril
730 4204 804 4282 μηδ.
