2910 4980
572 389 780 458 evomens.
1187 400 1207 458 3

149 514 302 621 gratiam
331 521 405 616 ejna
435 532 579 616 captans
607 514 816 589 transmisit.
849 512 965 608 Quem
997 512 1209 591 Guillelmus

153 649 395 735 cognomento
408 629 584 720 Calculus,
598 629 890 705 Gemmeticensis
905 628 1102 721 coenobita,
1115 656 1210 706 secu·

157 767 214 824 tus
227 751 406 850 eleganter
422 746 665 836 abbreviavit,
682 763 719 820 et
734 745 777 820 de
788 763 944 846 quatuor
959 746 1128 836 ducibus,
1147 749 1209 848 qui

158 883 419 954 successerunt,
437 862 595 938 breviter
611 881 647 938 et
662 864 792 938 diserte
808 890 865 938 res
881 864 1081 964 propalavit
1096 866 1166 962 (1).

159 1164 263 1220 ditione
278 1172 427 1238 purament
438 1160 600 1217 [abulenses.
616 1161 687 1217 Ilen
700 1160 802 1216 resulta
816 1180 871 1236 qne
880 1163 946 1217 c'est
957 1164 1048 1219 moins
1060 1163 1085 1218 la
1098 1164 1216 1221 lumiere

160 1273 216 1329 que
228 1254 277 1310 dea
289 1254 416 1310 tenebra
434 1252 545 1309 visiblee
560 1251 630 1327 qu’il
648 1271 664 1306 a
683 1251 820 1324 pmjeteea
839 1269 887 1307 sur
904 1251 931 1307 le
953 1258 983 1306 ι’*
1005 1254 1087 1309 siecle
1107 1254 1143 1311 de
1166 1273 1217 1312 nos

159 1343 308 1503 malz-et
328 1428 480 1498 lrietorien,
497 1428 561 1484 bien
574 1426 718 1501 superieur
737 1430 752 1482 a
773 1426 874 1482 Dudon
892 1426 927 1482 de
946 1428 1178 1505 saint-Quantin,
1200 1451 1217 1487 a

160 1529 294 1593 pourtant
312 1537 349 1574 eu
369 1518 395 1574 le
416 1529 474 1574 tort
492 1518 528 1573 de
548 1518 712 1591 reprodnire
729 1528 758 1574 et
774 1516 918 1590 d’adopter
936 1536 1054 1592 presque
1069 1529 1159 1576 tontes
1176 1520 1218 1577 lea

161 1611 246 1666 {ables
268 1609 331 1685 plna
351 1626 389 1666 on
405 1611 496 1665 moine
511 1619 717 1665 monrtrueneeo
736 1610 834 1664 emises
849 1626 902 1682 par
919 1626 969 1664 aon
981 1609 1135 1680 devancier,
1150 1622 1180 1668 et
1190 1611 1218 1668 le
1320 1616 1321 1621 ’

162 1700 289 1757 malheur
308 1699 395 1757 d'etre
414 1700 538 1774 deligare
550 1719 601 1773 par
618 1718 657 1754 un
669 1701 864 1756 continuateur
876 1699 946 1754 dont
957 1698 997 1755 les
1008 1701 1220 1774 interpolatione

35 1787 41 1797 ’
161 1804 191 1848 et
202 1791 242 1846 les
256 1790 395 1847 additione
405 1790 567 1846 indiscretes
578 1801 629 1847 ont
642 1791 871 1866 singulierement
884 1790 969 1847 altere
982 1808 1023 1846 ses
1034 1793 1125 1848 recita.
1140 1793 1220 1850 lleat

161 1887 178 1938 a
198 1882 305 1938 (leuiter
320 1882 422 1957 qu'une
439 1882 514 1937 main
530 1883 600 1938 amie
620 1881 655 1937 de
666 1878 803 1938 l‘histoire
816 1880 968 1937 normande
981 1900 1051 1937 nous
1068 1883 1153 1939 rende
1168 1901 1219 1940 son

161 1982 237 2026 terte
255 1970 378 2044 primitis
395 1968 609 2045 completement
629 1974 718 2045 purge
729 1971 766 2026 (le
778 1989 809 2026 ee
823 1969 940 2027 licheux
954 1969 1053 2045 alliage
1068 1981 1098 2027 et
1112 1973 1219 2030 rectifie

160 2057 270 2132 d’aprea
277 2058 313 2114 de
325 2057 466 2115 meilleura
476 2060 641 2116 muaerita
653 2077 709 2134 que
720 2077 789 2114 ceux
799 2059 863 2134 qn'a
875 2059 961 2114 auiria
973 2059 1129 2115 Duoheane.
