2910 4980
190 370 297 447 [10⁷2]
553 361 671 433 unns
691 361 884 438 Quassus.
1194 361 1251 421 241

191 500 360 573 seruetur,
382 482 613 557 neccclesias
628 507 770 581 perse,
793 505 909 578 neque
917 505 991 582 per
1003 480 1257 579 suffraganeos

191 618 338 703 regant,
356 627 421 688 nec
440 600 587 700 aliquid
602 599 649 672 de
667 597 848 697 beneficiis
866 596 1037 669 habeant.
1055 595 1257 669 Archidia-

190 719 295 810 coni,
319 720 384 818 qui
405 743 466 790 eos
491 743 614 817 regere
634 714 781 802 debent,
807 741 882 788 non
903 714 1162 814 permittantur
1181 715 1258 786 ali·-

193 860 305 934 quam
327 833 457 907 haltere
481 860 548 907 nec
568 830 830 919 concubinam,
854 856 922 900 nec
944 829 1257 929 subintroductam

193 952 399 1040 mulierem,
419 977 487 1023 nec
493 949 666 1048 pellicem
675 982 691 1034 ,·
709 946 776 1020 sed
792 963 892 1019 caste
905 962 939 1016 et
952 948 1054 1046 juste
1071 950 1211 1037 vt'eant,
1228 965 1262 1020 et

193 1067 399 1167 exemplum
431 1068 611 1139 castitatis
639 1080 673 1136 et
697 1063 951 1135 sanctimoniae
975 1061 1131 1135 subditis
1157 1090 1261 1164 prae-

195 1183 316 1258 beant.
340 1181 488 1286 Oportet
512 1184 622 1255 etiarn
649 1196 687 1252 ut
708 1179 798 1253 tales
825 1180 959 1252 decani
982 1180 1175 1276 eligantur,
1197 1186 1264 1282 qui

194 1302 315 1374 sciant
330 1300 496 1373 subditos
510 1299 730 1399 redarguere
742 1313 776 1369 et
788 1294 1003 1388 emendare,
1018 1323 1169 1395 quorum
1184 1303 1264 1371 vita

195 1444 269 1491 non
284 1419 332 1490 sit
351 1415 519 1516 iry‘amis,
538 1417 606 1489 sed
622 1417 748 1487 merito
764 1411 983 1516 praeferatur
996 1416 1181 1515 subditis(
1207 1420 1237 1516 ).

241 1536 334 1608 Item
361 1535 590 1609 interdictum
616 1550 668 1607 est
693 1560 738 1605 ne
761 1533 896 1633 aliquis
907 1586 919 1618 ,
947 1536 1013 1633 qui
1034 1536 1173 1609 uiuente
1195 1563 1265 1609 sua

199 1680 310 1727 ucore
330 1653 377 1727 de
393 1652 575 1726 adulterio
597 1651 843 1725 calumniatus
850 1647 991 1748 fuerit,
1009 1668 1095 1752 post
1118 1670 1267 1726 mortem

199 1770 295 1845 illius
322 1798 484 1871 unquam
511 1770 558 1842 de
585 1796 659 1868 qua
685 1767 928 1842 calumniatus
940 1765 1061 1866 fuerit
1088 1773 1264 1872 accipiat.

200 1887 323 1960 Multa
347 1888 444 1958 enim
467 1885 569 1957 mola
592 1883 677 1956 inde
703 1899 912 1968 evenerunt,·
937 1909 1023 1954 narn
1047 1884 1200 1985 plurimi
1221 1887 1270 1960 de

202 2026 316 2089 causa
328 2002 401 2077 hac
412 2030 500 2076 suas
513 2001 779 2098 intep‘ecerunt.

246 2119 340 2191 Item
357 2118 498 2207 nullus,
515 2118 622 2217 cujus
636 2143 732 2189 uxor
745 2116 866 2188 uelata
875 2115 1012 2213 suerit,
1032 2120 1116 2219 ipsa
1129 2122 1269 2194 virente

203 2260 363 2335 unquam
376 2233 491 2306 aliam
508 2233 680 2331 accipiat.

248 2350 342 2421 Item
361 2353 393 2422 si
417 2373 519 2420 uxor
541 2349 614 2418 viri
620 2403 634 2436 ,
656 2348 722 2446 qui
742 2372 891 2447 peregre
917 2364 982 2419 aut
1002 2350 1098 2421 alias
1117 2349 1269 2451 profec-

204 2468 407 2560 tussuerit,
428 2465 499 2538 alii
512 2467 594 2537 uiro
610 2467 795 2566 nupserit,
821 2491 1009 2565 quousque
1020 2472 1154 2568 prioris
1171 2496 1271 2541 mor-

203 2587 247 2658 tis
277 2584 528 2657 certitudinem
551 2582 702 2670 habeat,
729 2585 1061 2656 excommunicetur
1080 2612 1193 2685 usque
1217 2588 1271 2660 ad

202 2701 357 2802 dignam
375 2699 678 2799 satisfactionem.

249 2820 343 2891 Item
357 2833 534 2890 statutum
552 2834 666 2890 estne
687 2817 745 2905 lti,
773 2820 838 2916 qui
851 2817 1004 2919 publice
1021 2820 1123 2922 lapsi
1144 2828 1182 2894 in
1199 2826 1268 2895 cri-

203 2937 399 3010 minalibus
424 2938 589 3038 peccatis
617 2938 864 3025 inueniuntur,
877 2938 1060 3011 'citissime
1086 2941 1125 3011 in
1151 2945 1270 3015 sacris

202 3053 389 3128 ordinibus
417 3058 659 3127 restituantur.
696 3051 741 3124 Si
770 3053 863 3149 enim
894 3051 1007 3151 lapsis
1043 3055 1104 3151 (ut
1134 3058 1190 3127 ait
1217 3060 1265 3128 B.

204 3169 417 3268 Gregorius)
433 3168 488 3243 ad
501 3195 608 3242 suum
624 3166 788 3241 ordinem
805 3168 1002 3241 revertendi
1017 3169 1168 3243 licentia
1180 3199 1268 3245 con-

202 3287 367 3376 cedatur,
388 3290 498 3386 vigor
512 3288 702 3360 canonicae
714 3286 851 3388 procul
863 3286 974 3357 dubio
977 3282 1177 3387 frangitur
1191 3291 1268 3363 dis-

201 3405 351 3506 ciplinae
360 3461 374 3493 ,
402 3405 490 3475 dum
511 3431 578 3506 per
600 3406 809 3496 reversionis
834 3430 934 3503 spem
957 3431 1088 3505 praece
1111 3408 1268 3480 actionis

202 3520 385 3595 desideria
402 3522 553 3619 quisque
569 3523 758 3622 concipere
773 3546 847 3592 non
851 3517 1051 3616 formidat.
1078 3520 1183 3594 [Inde
1199 3522 1268 3596 ltoc

181 3851 186 3860 '
236 3850 276 3919 (ι)
292 3848 366 3904 C’est
381 3866 413 3903 ce
429 3866 517 3903 canon
537 3849 586 3922 qui
605 3847 697 3903 donna
716 3847 772 3903 lieu
789 3851 805 3902 ὲ
822 3848 950 3905 l’c'meute
966 3856 1113 3925 rapportee
1130 3855 1267 3912 ci-dessus

204 3936 295 4009 (noyez
308 3955 378 4010 page
394 3941 469 4012 171),
485 3949 514 3993 et
529 3937 597 3993 dans
616 3937 733 4011 laquelle
746 3937 935 4013 l’archeveque
951 3940 1032 3996 laillit
1052 3943 1152 4016 perdre
1168 3945 1194 4000 la
1212 3949 1263 4004 vie.

205 4027 240 4082 Le
252 4026 358 4082 concile
369 4027 405 4081 de
417 4029 527 4083 Lisieux
539 4028 701 4082 mentionne'
714 4027 748 4082 ici
762 4039 803 4082 est
815 4028 886 4083 celui
899 4030 947 4103 qui
960 4029 1004 4085 lut
1015 4042 1084 4086 tenu
1095 4051 1130 4087 en
1147 4033 1226 4104 1055,
1237 4049 1265 4092 et

206 4118 240 4169 οὺ
252 4115 441 4191 l’archeveque
454 4119 569 4190 Mauger
583 4117 626 4172 lut
638 4116 748 4191 deposc'.
764 4119 813 4172 Les
827 4131 900 4175 actes
912 4139 946 4175 en
961 4132 1023 4175 sont
1038 4123 1151 4195 perdas.

275 4229 315 4277 ιι.
1079 4213 1120 4283 16
