2910 4980
153 393 239 470 [nn
255 391 347 469 aoso]
515 385 632 449 uranu
653 384 831 449 munus.
1170 393 1208 452 ie

152 506 466 583 Grentemnisnilio
488 522 525 579 et
541 504 737 580 Rotbnon
751 503 981 581 vehementer
1000 510 1204 606 panaomti,

151 627 373 702 devoverunt
381 638 421 698 et
431 624 497 724 ipsi
510 651 553 698 ex
561 621 855 724 possessionibus,
869 648 958 724 quas
964 626 1046 722 jure
1060 623 1208 700 baeredi·

153 744 244 816 tsrio
255 739 496 842 possidebant,
514 765 582 839 pm
597 741 710 814 salute
725 765 800 829 sua,
818 754 857 815 et
871 764 941 840 pro
953 741 1209 823 saluteanims·

152 884 234 931 mm
248 875 515 932 sumcessorum
529 882 680 932 suorum
696 857 909 931 coenobium
924 873 1147 935 construent.

199 970 1209 1074 ll.lgiturcumspudNuceretum(1)villamsnamprop'e

151 1088 503 1165 Grentemaisniiium
531 1087 706 1164 aedificare
735 1088 947 1163 coenobium
978 1092 1206 1181 statuissent,

146 1212 220 1307 jam
230 1210 376 1306 jamque
396 1205 497 1304 operi
514 1205 741 1294 insisterent,
759 1204 805 1278 ad
821 1231 924 1278 aures
940 1206 1125 1281 Willemsi
1141 1205 1207 1281 filii

150 1321 272 1398 Gemit
294 1320 460 1394 avunculi
482 1321 538 1393 sui
557 1321 723 1419 pervenit
743 1321 842 1423 quod
860 1337 1009 1421 nepotes
1031 1324 1085 1397 sui
1102 1322 1210 1423 lingo

150 1455 188 1512 et
206 1437 402 1513 Rotbertn
417 1436 592 1510 aedificare
608 1435 818 1511 coenobium
836 1440 1041 1537 coepissent.
1063 1442 1131 1513 Hie
1144 1441 1208 1513 ni-

149 1556 284 1628 mirum
307 1555 346 1626 in
366 1554 498 1629 saeculo
522 1553 625 1627 miles
649 1554 767 1627 fuerat
791 1580 930 1654 magnas
957 1553 1205 1644 sublimitatis,

152 1673 314 1747 hostibus
333 1670 503 1746 terribilis
527 1686 565 1745 et
584 1671 707 1744 amicis
730 1670 856 1744 fidelis.
886 1673 996 1747 Filios
1023 1688 1059 1745 et
1078 1673 1208 1755 fratres

149 1791 353 1890 multosque
362 1805 511 1888 nepotes
522 1790 559 1860 in
571 1789 679 1861 armis
692 1803 858 1887 potentes
872 1787 997 1862 habuit
1005 1844 1016 1877 ,
1031 1789 1208 1876 hostibus·

149 1932 221 2006 que
235 1904 363 1983 vicinis
374 1930 436 1978 seu
449 1904 554 2003 longe
566 1904 691 2002 positis
707 1903 808 1977 valde
822 1904 971 1979 femen.
990 1906 1097 1978 Hunc
1110 1905 1209 1978 Wil-

51 2085 56 2092 .
148 2023 282 2098 les-mus
297 2037 540 2122 cognomento
557 2021 762 2092 Talavaeius
775 2019 959 2093 Willermi
976 2022 1207 2095 Belesmensis

151 2140 244 2213 filius
263 2140 307 2212 ad
326 2140 468 2239 nuptias
487 2164 564 2210 suas
588 2139 773 2223 invitarit,
797 2163 951 2237 eumque
973 2138 1026 2210 nil
1044 2139 1126 2211 mali
1147 2165 1209 2212 su-

150 2259 345 2357 spirantem
373 2258 449 2330 sine
474 2272 575 2330 reatu
602 2255 714 2328 oculis
741 2254 914 2355 privavit,
945 2257 1208 2356 amputatisque

149 2371 362 2473 genitalibus
376 2373 587 2472 auriumque
601 2368 864 2443 summitatibus
878 2368 1071 2444 crudeliter
1083 2370 1208 2455 detun-

149 2490 259 2588 pavit.
278 2487 382 2562 Unde
396 2512 465 2587 pro
482 2502 584 2562 tanto
599 2486 758 2561 facinore
776 2511 922 2586 perosus
939 2488 1077 2565 cunctis
1092 2487 1207 2573 fmus

151 2618 221 2693 est,
240 2619 373 2704 etpost
389 2604 529 2705 aliquot
544 2605 715 2704 temporis
731 2632 750 2676 a
764 2604 840 2678 filio
857 2603 964 2678 etiam
977 2630 1042 2680 suo
1059 2607 1210 2682 nomine

150 2719 305 2795 Amulio
322 2720 367 2794 de
383 2736 463 2796 toto
481 2718 620 2794 honore
636 2745 700 2792 suo
717 2722 848 2818 ejectus
864 2735 930 2793 est.

154 2973 234 3044 1060,
247 2985 277 3031 et
287 2975 359 3031 celui
373 2976 408 3032 de
420 2977 483 3032 Lire
492 2976 540 3032 des
553 2975 630 3042 1046.
646 2976 682 3030 ba
694 2974 790 3031 charte
801 2976 836 3032 de
847 2977 991 3043 fundatior
1004 2979 1039 3035 de
1051 3000 1083 3037 ee
1096 2982 1208 3041 dernier

149 3066 235 3123 existe
243 3085 344 3123 euoore
355 3085 391 3123 eu
403 3067 521 3142 original
531 3065 600 3121 dans
611 3066 651 3122 les
662 3066 787 3122 anchises
796 3067 832 3124 de
842 3067 945 3125 l’Eure.

186 3157 225 3228 (1)
234 3156 421 3228 Aujourd'bui
433 3157 544 3224 Norrei,
557 3165 635 3211 entre
647 3155 860 3211 Giano-Metuit
871 3168 900 3213 et
909 3158 1022 3214 Fauise.
1034 3158 1112 3217 Nous
1124 3179 1207 3218 avons

150 3245 349 3319 mci-destas(
356 3259 378 3302 t.
391 3264 410 3317 1,
423 3266 451 3322 p.
465 3247 524 3319 181)
533 3266 588 3321 que
598 3245 704 3301 Robert
713 3248 746 3302 1⁶
755 3246 790 3302 de
801 3247 1024 3318 Grentemesnil‚
1035 3253 1102 3323 pire
1114 3251 1149 3306 de
1162 3270 1206 3309 ces

150 3333 223 3390 deux
234 3336 384 3408 stigmate,
393 3335 560 3410 avaitpetdu
569 3335 595 3391 la
605 3336 648 3391 vie
659 3335 727 3390 dans
740 3336 765 3392 le
775 3337 865 3393 meme
877 3339 1049 3414 oombatque
1061 3339 1204 3414 Roger1⁸‚

149 3423 186 3479 de
197 3425 302 3491 Toeni,
316 3425 462 3482 fondateur
473 3424 509 3480 de
519 3425 641 3497 l'abbaye
651 3424 686 3480 de
698 3425 834 3481 Concbes.
849 3426 923 3483 C’est
935 3429 985 3483 ila
999 3447 1066 3484 noce
1074 3428 1111 3484 de
1121 3431 1207 3485 Guil-

150 3509 241 3566 hume
248 3511 346 3567 Talvas
354 3531 417 3567 avec
428 3511 609 3585 Hildeburge‚
623 3532 651 3568 sa
661 3513 805 3568 deuxieme
814 3514 924 3583 semme,
936 3514 991 3570 fille
1003 3515 1038 3570 de
1047 3516 1152 3584 uasat,
1162 3519 1204 3572 vi-

150 3609 241 3656 oomte
253 3601 288 3658 de
301 3602 461 3671 beaumont,
475 3603 634 3677 qu'eatlieu
645 3602 671 3658 le
682 3613 842 3677 gret-opens
855 3603 924 3658 dont
936 3604 1097 3661 Guillanme
1107 3606 1206 3667 Gimie

153 3689 198 3743 fut
214 3691 335 3746 victime.
356 3691 380 3746 ss
399 3692 465 3747 etait
481 3691 579 3748 l'oncie
592 3692 735 3764 d’Hugues
753 3701 781 3745 et
794 3691 829 3745 de
842 3691 949 3747 Robert
964 3711 1072 3751 comme
1082 3696 1156 3752 frere
1170 3697 1206 3753 de

150 3778 304 3849 termene,
314 3781 432 3836 Hadvise
439 3781 546 3837 Giroie.
555 3781 675 3855 llparnit
683 3798 738 3853 que
749 3778 775 3835 le
784 3781 888 3835 terrain
901 3783 1016 3855 eontigu
1024 3785 1039 3837 t
1048 3783 1151 3857 l'e'giise
1161 3786 1206 3842 sut

149 3865 279 3922 l’endroit
293 3871 330 3924 oia
351 3868 407 3924 l'ou
422 3886 515 3942 essaya
537 3869 571 3924 de
590 3869 687 3924 sunder
708 3887 747 3923 un
757 3872 920 3927 monestere.
934 3873 1016 3926 -Le
1028 3872 1144 3928 chiteau
1158 3873 1206 3928 des

150 3957 291 4028 seigneurs
299 3957 545 4016 deGreutemesnil
556 3959 650 4015 n’etait
657 3978 705 4033 pas
716 3958 787 4014 situs
800 3978 847 4014 sur
858 3961 882 4015 la
892 3980 1039 4017 commune
1048 3963 1204 4020 deGrand-

150 4043 262 4111 mesnil,
278 4046 347 4101 nnis
361 4064 409 4102 sur
425 4047 492 4103 celle
504 4047 539 4102 de
552 4048 661 4103 Norrei.
678 4046 725 4103 On
745 4067 780 4102 eu
800 4050 858 4105 voit
871 4068 971 4104 encore
988 4050 1205 4125 Penppcemsnt

150 4131 218 4185 dans
227 4131 254 4186 le
266 4133 321 4188 lien
334 4135 510 4206 aujourd'hui
523 4136 618 4210 appele
630 4135 655 4191 la
667 4135 809 4191 barounie.
