2910 4980
118 477 225 551 [roso]
490 473 606 534 utum
627 475 806 534 sununs
1136 479 1175 534 :u

120 591 402 665 confirmandam
431 605 749 690 praesentaverunt.
782 592 845 664 llle
873 616 957 664 sero
986 595 1177 691 petitiones

121 734 246 783 eorum
260 705 415 780 libenter
427 710 581 807 accepit,
596 725 631 783 et
644 711 854 783 donationes
868 736 992 782 corum
1006 711 1179 810 praedicto

124 821 296 898 coenobio
312 821 517 922 benigniter
539 827 724 898 concessit.
745 825 858 895 Tituli
877 851 1020 924 quoqne
1042 826 1182 923 princi-

123 940 222 1039 palis?
241 939 428 1038 privilegio
459 940 662 1014 Uticensem
692 943 872 1014 ecclesiam
907 942 1112 1040 insignivit,
1142 955 1183 1010 ut

125 1055 235 1131 libera
260 1054 356 1154 stab
375 1057 474 1128 omni
491 1073 654 1131 extranea
674 1056 895 1155 subjectione
916 1058 953 1128 in
970 1074 1185 1156 perpetuum

125 1187 268 1267 maneat
294 1160 479 1245 immunis.
511 1173 563 1259 De
593 1174 767 1246 electione
797 1188 916 1245 autem
946 1171 1082 1244 abbatis
1113 1171 1183 1245 loci

85 1343 87 1346 >
126 1289 303 1387 ejusdem,
327 1304 444 1361 totum
466 1293 641 1364 concessit
657 1291 807 1365 consilio
826 1290 998 1378 fratrum3
1018 1290 1110 1361 salva
1133 1303 1185 1359 ta-

127 1435 211 1480 men
229 1408 399 1508 regularis
416 1408 614 1507 disciplinae
634 1412 794 1498 ratione,
816 1409 851 1481 id
871 1424 923 1481 est
939 1425 979 1480 ut
1001 1427 1075 1480 non
1094 1407 1186 1478 ami-

128 1522 242 1610 citiae,
268 1538 329 1593 aut
353 1525 690 1624 consanguinitatis,
711 1540 772 1595 aut
789 1539 885 1597 certe
903 1523 1065 1621 pecuniae
1086 1545 1188 1592 amor

128 1653 210 1712 vota
222 1638 661 1738 eligentiumeorrumpat.
675 1641 837 1739 Denique
847 1638 1015 1738 praefatus
1024 1639 1190 1737 princeps

130 1755 166 1824 in
186 1751 257 1824 line
272 1754 472 1826 testamenti
488 1753 557 1853 hoc
572 1755 735 1844 inseruit,
755 1754 858 1828 ethis
873 1754 961 1824 illud
974 1751 1092 1825 verbis
1109 1778 1190 1824 eor-

128 1867 346 1944 roboravit:
375 1871 487 1942 Hauc
505 1869 712 1943 donationis
739 1870 927 1948 Cartalam
951 1895 1017 1968 ego
1046 1867 1191 1942 Witten

129 2016 210 2060 mus
235 1987 531 2060 Narmannorum
559 2014 677 2061 comes
703 1987 816 2060 scribi
829 1984 916 2085 feci
923 2019 940 2072 ,·
969 2003 1003 2057 et
1028 1983 1194 2063 manibus

130 2102 398 2204 archiepiscopi
423 2105 749 2202 Rotomugensium
774 2120 807 2174 et
834 2103 1082 2204 episcoporum
1090 2157 1103 2189 ,
1132 2099 1194 2170 ab·

130 2218 324 2319 iratumque
348 2247 395 2292 ac
413 2222 644 2321 principum,
670 2245 821 2318 quorum
849 2221 998 2291 nomina
1024 2235 1057 2289 et
1085 2220 1193 2316 signa

130 2337 252 2409 subter
274 2338 408 2436 scripta
430 2337 619 2425 habentur,
639 2337 704 2411 sub
723 2338 1097 2410 excommunicatione
1114 2361 1194 2406 con·

120 2452 350 2552 fimaandam
383 2453 541 2542 tradidi,
569 2460 740 2552 quatinus
766 2453 973 2526 inconvulsa
1000 2468 1034 2524 et
1059 2453 1196 2551 ustipu-

133 2567 211 2639 lata
231 2566 315 2639 ltine
338 2584 371 2638 et
392 2570 430 2639 in
454 2569 628 2666 reliquum
641 2586 884 2670 permaneat,·
906 2587 944 2640 ut
960 2572 991 2640 si
1014 2569 1094 2664 quis
1115 2591 1194 2637 eam

132 2679 329 2782 infringere
347 2689 636 2786 praesumpserit,
662 2702 726 2755 aut
748 2685 892 2783 aliquid
903 2710 975 2785 per
992 2710 1030 2754 se
1048 2683 1110 2752 vel
1125 2706 1197 2781 per·

133 2798 248 2868 ulium
271 2824 496 2896 quocumque
517 2802 658 2895 ingenio
678 2799 852 2871 damnum
875 2799 1007 2894 inferre
1024 2796 1192 2882 coluerit,

134 2940 182 2984 ea
199 2919 415 2987 auctoritate
430 2915 505 2985 Dei
518 2932 553 2987 et
566 2917 728 2987 omnium
745 2932 953 2988 sanctorum
970 2914 1071 2985 omni
1085 2911 1195 2985 claris·

134 3033 303 3102 uanitate
333 3034 386 3124 (si
416 3058 487 3104 non
523 3032 790 3129 emendaverit)
820 3032 1170 3104 excommunicatum
1179 3085 1192 3118 ,

132 3163 168 3216 et
199 3148 238 3217 in
274 3163 449 3217 aeternum
481 3147 713 3220 maledictum
744 3175 783 3221 se
813 3149 959 3220 noverit.
998 3146 1061 3218 His
1090 3144 1194 3217 dictis

133 3260 346 3333 Willermus
368 3262 440 3335 dux
458 3265 560 3362 signo
582 3266 697 3336 crucis
718 3281 852 3336 cartam
868 3264 1033 3363 signavit.
1058 3259 1193 3334 Deinde

132 3377 421 3477 subscripserunt
439 3381 628 3479 Malgerius
652 3381 937 3481 archiepiscopus
956 3383 1194 3477 Rotomagen·

135 3494 242 3581 sium,
264 3494 358 3566 filius
374 3496 515 3568 Ricardi
530 3494 754 3571 Gunuoridae
765 3498 864 3570 ducis
877 3499 1191 3583 Normannoru1n3

137 3613 242 3711 Hugo
264 3614 449 3713 episcopus
468 3616 711 3702 Lexoviensis,
736 3615 829 3686 filius
846 3613 1029 3686 Willcrmi
1054 3614 1195 3686 comitis

134 3727 325 3816 Aueensis3
344 3729 422 3804 Odo
450 3732 634 3829 episcopus
659 3730 1059 3817 Baiocensis,ute1·inus
1085 3730 1195 3802 frater

136 3842 319 3914 Willermi
349 3844 708 3934 ducis3Wille1mus
733 3847 917 3944 episcopus
943 3843 1194 3936 Ebroicensis,

136 3955 231 4028 filius
243 3956 391 4030 Gerardi
408 3961 577 4049 Fleitelli3
597 3959 817 4034 Gislebertus
833 3960 941 4032 abhas
954 3960 1195 4047 Castellionis;

136 4074 353 4148 Willermus
371 4092 407 4149 et
421 4077 623 4151 Rodbertus
641 4094 676 4150 et
695 4076 869 4151 Rodullus
888 4076 951 4148 lilii
972 4077 1114 4164 Geroii3
1135 4102 1200 4148 ne-

137 4207 238 4290 potes
261 4220 388 4267 eorum
416 4196 520 4295 Hugo
546 4196 590 4270 de
612 4195 947 4282 Grentemaisnilio,
975 4192 1197 4280 Rodbertus,
