2910 4980
192 407 253 470 326
464 405 649 470 HISTORIA
670 405 979 475 Eccttsttstlca

190 555 210 598 a
228 525 305 609 Deo
321 524 547 602 confortatus
564 526 678 605 multa
695 525 866 601 miracula
882 523 1028 615 feceras.
1048 525 1146 603 neus
1164 526 1260 601 enim

192 671 277 718 cum
309 670 353 721 eo
376 670 516 743 semper
541 659 640 732 erat,
670 658 707 721 et
728 643 851 719 omnia
873 668 981 743 opera
1005 644 1080 741 ojus
1105 641 1260 742 gloriose

190 758 387 861 dirigebat3
401 785 470 858 pro
482 785 558 860 quo
570 758 659 833 dura
671 774 708 833 st
720 784 841 858 aspera
851 755 958 858 hujus
969 756 1092 838 saeouli
1104 758 1260 860 aeqmni·

191 877 301 955 miter
311 876 473 976 perferre
480 876 645 977 elegerat.
659 878 865 955 Romanum
873 877 1115 978 Tarquinium
1121 891 1260 976 patrem

191 1021 319 1085 suum,
344 994 594 1095 Euticiamque
616 1010 770 1071 matram
791 994 1006 1094 piissimam,
1029 991 1167 1074 Christi
1185 992 1261 1067 cul·

193 1114 339 1203 tricem,
357 1139 439 1192 curn
457 1113 535 1191 aliis
549 1113 672 1191 amicis
685 1128 722 1193 et
732 1113 893 1215 cognatis
907 1113 1034 1190 Romo
1045 1112 1258 1214 reliquerats

193 1244 230 1304 et
240 1232 342 1329 jussu
357 1230 554 1311 Clementis
571 1258 673 1333 papas
690 1257 774 1309 cum
791 1231 967 1333 Dionysio
984 1231 1111 1307 louioo
1130 1221 1261 1307 Gallias

192 1347 345 1428 tenellus
367 1349 450 1427 exul
470 1364 689 1448 penetrarat.
715 1348 907 1425 Grassante
930 1349 1086 1424 uiminm
1107 1347 1260 1424 sananda
1302 1423 1304 1428 ,

192 1465 462 1564 persecutione,
483 1491 566 1569 qun
587 1462 655 1539 sub
676 1466 887 1543 Domitiano
904 1466 941 1541 in
961 1461 1186 1542 Christianos
1206 1462 1262 1539 fu-

193 1579 285 1669 ruit,
306 1579 500 1680 praedictus
523 1581 718 1681 Dionysius
735 1581 940 1657 Parisiensis
957 1581 1146 1681 episcopus
1166 1581 1262 1657 Tau·

194 1697 317 1771 riuum
335 1696 490 1775 filiolum
508 1725 611 1775 suum
623 1701 699 1798 jam
714 1699 1055 1800 quadragenarium,
1073 1696 1263 1797 proesniam

193 1812 375 1892 ordinavit
381 1843 392 1903 ς
412 1829 449 1889 ot
468 1817 686 1914 (vaticinatis
703 1816 868 1916 pluribus
884 1842 967 1917 quae
982 1841 1150 1915 passurus
1166 1814 1262 1912 erat)

193 1927 474 2010 Ebroiaensibus
491 1933 529 2009 in
545 1933 694 2010 nomine
711 1933 858 2009 Domini
876 1932 1018 2009 direxit.
1033 1932 1127 2008 Viso
1144 1931 1210 2005 Dsi
1222 1928 1263 2005 sd

194 2059 316 2144 portas
334 2047 488 2124 civitatis
505 2046 833 2148 appropinquanti,
847 2045 991 2125 daemon
1009 2046 1046 2120 iu
1064 2044 1184 2123 tribus
1197 2044 1263 2145 fig·

195 2163 327 2249 mentis
345 2190 381 2242 ss
397 2165 586 2264 opposuit3
609 2163 746 2243 scilicet
763 2165 800 2239 in
817 2164 934 2264 specie
950 2164 1025 2239 ursi
1044 2177 1083 2241 et
1097 2162 1216 2241 lenuis
1230 2175 1265 2237 et

194 2273 1266 2370 subustum-eashleumchrissivoluis.Setitlesorsioerus

197 2395 485 2499 inexpugnabilis
500 2425 627 2472 murus
641 2399 678 2471 in
694 2398 763 2472 fide
777 2398 955 2497 perstitit,
971 2413 1009 2472 et
1020 2411 1187 2497 coeptum
1199 2396 1266 2473 iter

195 2517 353 2617 peregit,
373 2515 642 2617 hospitiumque
658 2517 696 2593 in
713 2516 823 2593 domo
840 2516 940 2593 Lucii
958 2515 1126 2614 suscepit.
1143 2514 1265 2587 Tertia

195 2634 268 2725 dia,
287 2635 375 2714 dum
392 2634 572 2711 Taurinos
590 2633 724 2712 ibidem
736 2633 873 2734 populo
889 2632 1120 2737 praedicaret,
1133 2645 1171 2706 et
1184 2630 1266 2705 dnl-

196 2932 289 2987 monle
298 2949 354 3006 que
363 2932 403 2987 les
416 2943 509 2988 autres
521 2935 604 2989 rtoita
613 2933 649 2990 de
658 2953 690 2989 ce
702 2953 788 3009 genre
799 2934 941 3010 sabriqnts
951 2952 987 2988 an
1000 2945 1036 2988 rr·
1044 2950 1082 2989 on
1091 2951 1128 2988 an
1137 2944 1164 2988 x·
1173 2932 1265 3001 situla,

195 3021 276 3094 apris
287 3037 343 3094 que
355 3030 434 3076 tonte
448 3023 641 3078 connaissance
654 3022 703 3079 des
715 3024 779 3079 faits
792 3024 860 3078 &tait
873 3021 979 3096 perdas
993 3039 1031 3078 ou
1043 3039 1228 3096 corrumpas,
1240 3032 1269 3078 at

194 3110 280 3184 qu’on
293 3109 414 3170 charcha
428 3112 442 3169 i
456 3129 474 3183 y
487 3110 616 3185 snpple'er
626 3131 676 3185 par
688 3111 737 3173 das
748 3111 834 3171 rables
842 3112 899 3169 fort
912 3110 1156 3173 maladroitensent
1167 3111 1268 3171 unna

194 3208 223 3254 et
236 3217 369 3275 presqnes
378 3201 506 3273 toujonrs
517 3201 695 3261 sarvilsmeut
706 3203 814 3276 copities
826 3203 866 3260 las
880 3221 949 3261 unes
958 3221 1006 3263 sur
1017 3201 1058 3261 les
1069 3211 1174 3261 anuas.
1189 3201 1267 3262 uos·

196 3300 360 3348 rotrouvons
368 3292 404 3347 ici
414 3290 439 3348 la
450 3291 595 3349 confusion
605 3291 641 3354 de
649 3293 721 3351 saint
729 3293 814 3350 Denis
822 3291 1266 3367 l’artopagiteavecsaintnanis,

194 3379 299 3453 e'vtqae
313 3379 348 3436 de
361 3380 453 3449 Paris,
468 3391 497 3437 et
504 3382 654 3456 jusqu’aux
663 3398 757 3457 magea
771 3382 905 3456 Cambysu
918 3393 948 3442 et
960 3383 1046 3450 zara,
1061 3380 1269 3456 qnsl'aatenrs

191 3471 286 3542 jugta
298 3487 400 3548 psopos
410 3469 563 3527 d'attschsr
571 3490 607 3533 su
620 3471 694 3529 culte
703 3470 739 3533 de
752 3471 850 3541 Diana,
862 3490 934 3547 pour
945 3471 972 3528 la
984 3472 1047 3547 plus
1061 3469 1168 3546 grande
1178 3470 1269 3545 gtoirs

195 3556 231 3613 de
240 3560 312 3614 saint
324 3561 441 3615 Taurin.
454 3560 479 3615 Il
489 3561 534 3634 n’y
544 3580 560 3615 a
571 3561 639 3616 dans
648 3572 712 3617 tout
721 3561 777 3618 cela
785 3563 873 3636 qn‘un
883 3562 933 3618 sais
941 3565 958 3622 i
967 3561 1117 3623 admetus:
1133 3560 1204 3621 c’est
1212 3578 1270 3635 qut

193 3648 266 3702 saint
273 3648 380 3706 Tauriu
390 3649 492 3722 prtcha
500 3649 526 3705 le
534 3650 687 3723 premissis
695 3651 982 3724 religionshsstienns
990 3647 1269 3724 mussantesque·

196 3725 395 3814 Eburoviques.
407 3740 486 3797 Nous
497 3759 616 3814 pensons
625 3761 680 3816 que
692 3760 723 3801 ca
732 3741 776 3801 iat
788 3760 824 3799 au
833 3750 1072 3803 sommenoement
1080 3738 1121 3797 dn
1130 3756 1159 3792 v·
1172 3737 1267 3799 sits-ia.

195 3829 272 3881 Tous
284 3827 322 3883 les
332 3829 395 3885 faits
408 3829 443 3886 de
457 3831 556 3900 datan,
568 3843 631 3887 tous
643 3833 682 3888 les
695 3850 790 3901 nonis,
804 3843 896 3893 toutsa
908 3831 948 3889 las
960 3831 1054 3898 daus,
1073 3840 1137 3891 i⁰¹¹⁵
1149 3827 1191 3887 ¹0⁸
1203 3845 1270 3901 ‘tn‘

194 3918 365 3975 chronismes
384 3922 433 3995 qui
454 3922 575 3995 figurent
588 3923 657 3978 dans
670 3922 696 3979 le
715 3925 784 3980 reicit
797 3924 837 3978 du
850 3922 987 3997 pre'tendn
1004 3920 1146 3987 adsuta,
1163 3916 1269 3982 ⁸011th

195 4027 259 4062 nom
272 4008 376 4083 dnqusl
387 4010 412 4065 le
431 4011 562 4071 saussaius
576 4014 639 4070 s'eat
652 4015 750 4081 mohs,
766 4017 1020 4082 sententiantes,
1036 4023 1065 4068 et
1080 4030 1117 4070 na
1132 4011 1268 4069 maritent

194 4118 301 4153 aucune
321 4102 478 4171 constance,
499 4123 607 4161 comme
623 4122 694 4163 nous
710 4105 811 4162 l'avons
830 4104 913 4163 stanti
934 4125 969 4161 on
991 4103 1075 4161 dttail
1093 4101 1163 4161 dans
1184 4110 1268 4160 notro

195 4188 363 4259 description
378 4190 412 4245 de
424 4191 449 4248 la
463 4194 556 4253 chisto
569 4192 604 4250 de
617 4195 688 4251 saint
702 4195 819 4255 Tauris.
