2910 4980
191 382 251 442 sn
469 380 655 443 eunoun
676 379 981 445 ucctnnsucs.
1150 382 1262 458 [totu

190 497 331 587 extitit,
358 513 396 570 et
415 498 633 574 militaribus
649 501 757 573 armis
778 516 962 597 protectus
985 513 1132 573 terreno
1153 499 1263 596 priu-

191 614 262 711 cipi
281 613 471 704 militavit,
489 631 525 690 et
544 632 644 691 tanto
659 617 792 691 certius
810 615 945 689 referre
965 615 1038 687 viss
1052 611 1262 689 discrimina

190 731 334 830 potuit,
355 748 493 832 quanto
512 733 747 832 periculosius
769 734 865 807 inter
883 757 980 804 arma
998 729 1086 803 diris
1106 729 1264 804 oonllio-

193 845 289 918 tibus
312 847 491 921 interfuit.
516 852 558 925 ln
582 864 765 925 senectute
783 876 845 922 sus
866 848 1102 921 taciturnitati
1123 862 1160 922 et
1181 873 1263 923 oru-

193 962 285 1036 tioni
315 962 474 1056 studuit,
504 984 540 1041 et
568 967 648 1066 plus
678 968 716 1040 in
742 964 914 1039 dictando
935 990 996 1039 seu
1026 962 1264 1040 versifioendo

192 1106 302 1180 quum
315 1084 592 1159 sermocinando
604 1085 724 1157 valuit.
739 1081 895 1157 Subtiles
912 1097 949 1155 et
965 1083 1165 1157 concinnos
1180 1107 1265 1156 ver·

193 1224 253 1270 sus
278 1214 386 1300 atque
411 1200 455 1273 nd
480 1202 705 1276 recitandum
732 1199 867 1275 habiles
890 1198 1101 1298 frequenter
1127 1196 1263 1291 edidit,

87 1343 88 1346 ¹
193 1316 387 1418 studioque
399 1320 608 1418 juniorum,
632 1317 764 1420 quibus
786 1318 853 1417 ipsi
874 1316 1169 1406 emendarentur,
1187 1316 1265 1391 sine

194 1431 326 1505 invidia
347 1437 521 1535 erogavit.
545 1435 826 1510 contextionem
848 1436 923 1532 ejus
944 1432 989 1505 de
1007 1431 1207 1507 Guillelmo
1228 1447 1265 1506 et

193 1551 267 1648 ejus
290 1548 490 1652 pedisequis
510 1551 670 1626 breviter
692 1552 729 1624 in
752 1549 967 1652 quibusdum
993 1566 1136 1622 secutus
1163 1575 1262 1638 sum;

194 1691 270 1739 non
285 1682 405 1740 tamen
421 1671 542 1743 omniu
555 1695 637 1769 quae
650 1667 763 1755 dixit,
783 1693 850 1741 nee
865 1682 939 1739 tam
951 1681 1076 1766 argute
1092 1665 1264 1766 prosequi

194 1800 344 1856 conatus
360 1811 454 1857 sum.
477 1785 619 1859 Amodo
639 1789 789 1884 juvante
806 1785 884 1857 Deo
903 1811 942 1856 ea
958 1810 1040 1884 quae
1059 1783 1264 1857 succedenti

194 1913 357 1998 tempore
372 1903 506 1975 nostris
520 1904 556 1975 in
571 1903 712 1975 viciniis
726 1916 927 1975 evenerunt
939 1899 1077 1974 notabo
1090 1929 1099 1986 ς
1120 1898 1266 1974 indubi-

195 2029 314 2089 tanter
331 2032 431 2090 ratus
445 2018 565 2119 quod,
585 2019 677 2090 sicut
695 2043 761 2118 ego
779 2044 817 2092 ea
835 2044 951 2116 quaea
969 2014 1156 2116 prioribus
1172 2013 1265 2091 edin

192 2150 278 2206 sunt
296 2133 452 2210 libenter
473 2137 639 2225 revolvo,
662 2137 713 2210 sio
728 2137 912 2236 juniores,
936 2159 1066 2235 eosque
1086 2134 1151 2234 qui
1170 2157 1266 2207 nou·

193 2247 282 2322 dum
304 2252 380 2324 nati
403 2267 509 2339 sunt,
534 2253 721 2352 praesentis
746 2251 919 2349 temporis
943 2265 1093 2323 eventus
1114 2248 1266 2323 solerter

195 2367 432 2467 inquisituros
451 2371 605 2443 aestimo.

244 2486 322 2558 Rex
345 2486 559 2561 Guillelmns
580 2486 744 2583 dejectis,
772 2499 813 2555 ut
840 2483 1015 2574 diximus,
1045 2482 1266 2557 Merciorum

195 2600 359 2674 maximis
386 2601 627 2677 consulibus:
656 2601 801 2675 Eduino
826 2599 963 2673 seilicet
990 2597 1206 2687 interfecto,
1230 2612 1268 2672 et

195 2719 363 2796 Morcsro
380 2723 418 2794 in
432 2698 585 2795 vinculis
598 2719 811 2807 constricto,
825 2716 1050 2818 adjutoribus
1066 2718 1139 2790 suis
1154 2716 1268 2817 incly-

197 2851 248 2907 tes
263 2836 404 2936 Angliae
422 2841 586 2939 regiones
598 2835 808 2924 distribuit,
825 2852 920 2910 etex
939 2836 1073 2909 infimis
1089 2835 1269 2909 Normau·

197 2979 332 3027 uorum
355 2955 548 3030 clientibus
572 2956 739 3030 tribunos
761 2971 798 3028 et
820 2955 1052 3028 centuriones
1073 2952 1268 3026 ditissimos

198 3073 325 3146 erexit.
351 3073 541 3148 Willelmo
561 3072 733 3173 Dapifero
753 3071 989 3146 Normuuniae
1012 3067 1167 3143 osberni
1191 3068 1268 3142 filio

199 3188 349 3261 insulam
361 3189 511 3263 Vectem
522 3208 558 3265 et
571 3191 783 3264 comitatum
796 3185 1075 3262 Herfordensem
1085 3184 1185 3262 dedit
1196 3187 1267 3284 (t),

199 3331 351 3406 eumque
369 3334 451 3378 cum
468 3305 657 3380 Gualterio
673 3305 717 3380 de
734 3305 861 3383 Laceio
875 3305 951 3403 (2),
970 3303 1117 3403 aliisque
1135 3300 1272 3403 probu-

199 3420 243 3492 tis
260 3420 440 3521 pugilibus
453 3439 579 3494 contra
594 3423 760 3496 Britoues
773 3419 877 3494 bellis
890 3418 1069 3493 inhiantes
1080 3417 1267 3516 opposuit.

200 3536 339 3609 Horum
364 3537 506 3611 audacia
534 3536 824 3612 Brachuuiaunos
841 3537 899 3636 (5)
924 3535 1092 3634 primitus
1116 3533 1267 3620 invasit,

236 3875 275 3944 (ι)
295 3874 360 3930 L’ile
373 3875 409 3930 de
421 3876 526 3949 thtu
538 3887 567 3932 et
577 3876 603 3932 le
615 3879 708 3933 comte
720 3874 756 3930 de
768 3872 918 3931 Herclord.

238 3962 276 4032 (π)
293 3963 412 4018 Gautier
424 3962 458 4018 de
473 3965 552 4032 Laui,
567 3965 631 4037 pres
642 3960 942 4021 Conde'·snr·Noireau
954 3957 1119 4029 (Calvados).

239 4047 277 4119 (5)
295 4053 510 4109 Probablernent
529 4053 569 4108 les
585 4053 726 4110 habitante
738 4052 777 4108 du
798 4049 1017 4115 Breknoltshire‚
1033 4048 1101 4102 daus
1113 4045 1140 4101 le
1159 4062 1227 4117 pays
1238 4042 1287 4099 de

206 4138 308 4194 Galles.
