2910 4980
243 382 284 438 so
519 364 703 426 msioms
725 358 1029 421 eccmssucs.
1099 361 1308 442 [moron]

243 495 326 567 libri
349 506 472 564 eontra
496 485 646 584 singula
665 499 822 584 peccata
844 478 1112 580 computabant.
1136 482 1204 553 Ad
1218 509 1309 584 po...

242 630 391 686 tremum
418 632 495 678 una
518 603 599 675 sala
623 601 743 673 littera
769 624 957 671 numerum
981 615 1217 698 peccatorwn
1239 628 1310 674 ea-

242 731 369 810 cessit,
396 739 520 795 contra
542 745 653 818 quam
675 716 883 788 damonum
906 731 1058 788 conatus
1080 714 1222 790 nullum
1238 719 1309 792 ob.

236 845 350 943 J'iaere
368 854 560 942 peceatum
576 832 784 936 prevaluit.
808 831 1009 902 Clementia
1028 832 1154 930 itaque
1166 834 1310 933 judicis

237 959 352 1056 fratri
368 960 549 1056 pepercit,
575 955 807 1048 animamque
825 947 881 1018 ad
895 951 1084 1048 proprium
1103 973 1236 1051 corpus
1254 979 1311 1024 m.

244 1079 331 1150 uerti
354 1073 549 1174 pracepit,
575 1070 807 1171 spatiumque
830 1063 1039 1164 corrigendi
1058 1068 1177 1139 vitam
1201 1095 1310 1143 suam

244 1193 447 1292 benigniter
467 1187 657 1262 concessit.
686 1184 788 1272 Hoo,
820 1182 1031 1256 altan'ssimi
1044 1182 1205 1280 fratres,
1219 1184 1312 1285 fi„-

243 1324 393 1410 quenter
407 1306 582 1405 cogitate,
604 1319 638 1372 et
657 1298 706 1372 ab
723 1298 896 1372 inanibus
912 1300 1103 1397 noxiisque
1119 1299 1312 1376 desiderias

242 1426 489 1500 cordavestra
501 1417 708 1506 emundate,
727 1440 973 1512 manuumque
984 1433 1311 1521 uestrarumopera

243 1543 404 1614 Domino
427 1535 506 1607 Deo
530 1534 674 1634 jugiter
696 1530 914 1630 sacrificate.
941 1530 1030 1602 Otia
1061 1531 1158 1603 uelut
1179 1533 1314 1609 lethale

243 1660 345 1732 uirus
364 1656 447 1727 totis
468 1649 604 1723 nisibus
624 1649 797 1736 devitate,
816 1651 904 1745 quia
926 1649 1022 1719 sieut
1036 1667 1186 1724 sanatus
1202 1671 1317 1754 pater

245 1790 368 1848 noster
378 1769 597 1843 Benedictus
614 1765 707 1837 dicit
724 1792 735 1835 .·
755 1763 923 1836 Otiositas
937 1764 1082 1836 inimica
1098 1783 1151 1839 est
1164 1771 1311 1845 animae.

245 1891 353 1966 Illud
366 1890 475 1960 etiam
499 1910 598 1986 sape
615 1880 805 1955 uobiscum
827 1880 1010 1971 revolvite,
1030 1883 1133 1981 quod
1159 1886 1199 1956 in
1225 1890 1315 1961 vitis

247 2013 404 2083 Patrum
431 2005 569 2076 dicitur
593 2027 617 2071 a
644 1998 805 2097 quodam
828 1997 986 2099 probato
1012 1999 1191 2073 doctore:
1224 2008 1316 2102 quia

249 2155 342 2202 unm
360 2118 590 2198 solummodo
606 2117 755 2191 damon
769 2115 941 2188 tentando
956 2132 1072 2188 vexat
1090 2118 1315 2194 laborantem

247 2249 287 2318 in
307 2243 410 2317 bonis
427 2235 644 2312 monachum
650 2267 667 2321 ;
681 2232 781 2305 mille
797 2257 884 2304 uero
897 2232 1083 2305 demones
1100 2239 1320 2337 impugnant

250 2362 428 2443 otiosum,
452 2351 720 2447 innumerisque
743 2349 981 2419 tentationum
999 2350 1138 2449 jaculis
1158 2352 1319 2454 undique

250 2473 474 2551 stimulatum
488 2482 621 2562 cogant
626 2463 807 2558 fastidire
825 2466 1080 2538 monasteriale
1098 2466 1317 2560 claustrum,

250 2609 285 2664 et
307 2602 477 2691 appetem
502 2582 683 2653 damnoso
709 2577 837 2650 saculi
859 2581 1094 2680 spectacula,
1119 2601 1153 2655 et
1172 2590 1321 2660 nom-

254 2735 332 2781 ram
353 2700 615 2803 experientiam
639 2695 882 2797 uoluptatum.
908 2697 961 2767 Et
986 2702 1073 2795 quia
1096 2699 1210 2800 largis
1234 2730 1322 2777 sus-

256 2841 391 2897 tentare
408 2841 590 2919 pauperes
612 2808 846 2911 eleemosynis
867 2839 939 2884 non
957 2821 1125 2913 potestis,
1147 2824 1324 2917 quoniam

256 2957 414 3010 terrenas
430 2957 518 3032 opes
534 2955 607 3001 non
621 2926 774 3013 habetis,
790 2954 858 2999 nec
870 2929 1034 3026 ingentia
1047 2933 1203 3035 templa,
1214 2938 1327 3010 sicuti

257 3078 358 3153 reges
369 3048 508 3146 aliique
516 3061 680 3147 potentes
693 3043 993 3138 saculisaciunt,
1008 3047 1323 3149 erigerepotestis,·

258 3171 323 3273 qui
334 3161 562 3266 regularibus
577 3160 746 3232 claustris
759 3163 868 3258 septi,
882 3167 1051 3261 omnique
1054 3180 1235 3266 potestate
1241 3170 1326 3270 pri-

259 3285 335 3360 uati
342 3278 584 3366 estis5saltim,
596 3274 795 3347 secundum
806 3274 1014 3350 Salomonis
1022 3277 1215 3370 hortatum,
1226 3287 1328 3355 omni

261 3398 431 3475 custodia
453 3392 568 3466 corda
590 3407 708 3462 vestra
728 3408 884 3481 servate,
905 3394 1059 3493 Deoque
1073 3396 1227 3496 placere
1246 3405 1328 3472 totis

260 3517 400 3591 nisibus
409 3509 652 3583 indesinenter
659 3506 875 3578 contendite.
892 3507 1014 3599 Orate,
1031 3509 1150 3607 legite,
1158 3513 1323 3614 psallite,

263 3632 427 3719 scribite,
446 3627 603 3725 alir‘sque
619 3622 834 3724 hujusmodi
848 3624 990 3698 uatibus
1008 3628 1181 3720 nuistite,
1202 3635 1328 3731 eisque

263 3766 391 3824 eontra
406 3746 612 3818 dcernonum
629 3759 849 3814 tentamenta
863 3767 928 3814 uos
944 3745 1128 3844 sapienter
1141 3767 1296 3820 armate.

315 3863 464 3938 Talibus
489 3861 637 3934 monitis
663 3875 767 3959 pater
792 3857 1007 3932 Teodericus
1029 3859 1222 3964 discipulos
1247 3893 1330 3941 suos

267 3981 486 4067 instruebat,
503 3993 540 4052 et
553 3973 753 4077 arguendo,
772 3974 1011 4066 obsecrando,
1029 3978 1267 4080 incoepando,
1286 3985 1332 4058 ad

265 4103 405 4179 bonum
424 4124 514 4198 opus
533 4093 721 4194 vigilanter
740 4091 909 4167 incitabat
915 4149 927 4185 ,
950 4092 994 4168 ad
1022 4099 1120 4198 quod
1140 4100 1215 4200 ipse
1230 4102 1333 4202 prius
