2910 4980
196 478 401 554 [loto-1⁰61]
572 474 688 535 LIBER
709 475 886 534 TERTIUS.
1219 483 1254 536 71

195 598 288 668 tium
303 593 451 681 habens,
466 593 625 692 piurimo
642 608 803 693 tempore
817 592 958 692 deguit,
974 594 1180 694 multisque,
1194 598 1258 696 qui

194 708 343 784 adeum
362 734 431 809 pro
452 710 623 807 sapientia
646 724 682 782 et
705 708 894 783 nobilitate
917 734 977 780 suu
1005 707 1256 798 confluebant,

194 825 347 899 coneilio
364 825 505 924 pietatis
523 824 673 923 profuit.

243 943 326 1041 lpco
342 941 500 1014 multum
517 940 703 1029 hortante,
724 940 927 1016 Rodbertus
946 941 1053 1014 abbas
1069 944 1258 1042 Hngonem

194 1060 455 1133 buxeriensem
482 1059 710 1157 episcopum,
736 1057 998 1131 monachornm
1020 1059 1160 1134 fidelem
1185 1089 1258 1133 ma·

192 1177 346 1275 gistrum
371 1190 408 1249 et
428 1176 797 1274 patrem,·accersiit,
824 1201 844 1247 a
867 1201 942 1275 quo
966 1176 1174 1275 praedictam
1196 1204 1259 1250 ca-

192 1293 325 1394 peliam
351 1294 388 1365 in
418 1293 556 1369 bonore
582 1311 789 1368 sanctorum
813 1295 1058 1368 confessorum
1084 1293 1253 1383 Ebrulfi,

193 1409 378 1482 Benedicti
400 1427 437 1483 et
460 1410 650 1484 leudfredi
673 1410 831 1485 secundo
854 1436 967 1483 nonas
993 1411 1076 1482 maii
1101 1410 1256 1484 dedicari
1330 1411 1335 1429 '

192 1524 291 1598 fecit.
316 1523 483 1599 Tradunt
512 1525 604 1613 banc
631 1525 815 1600 ecclesiam
843 1553 862 1597 n
890 1526 1111 1625 temporibus
1143 1531 1255 1600 sancti

191 1638 337 1713 Ebrulfi
366 1641 548 1715 conditam
573 1642 705 1731 fuisse,
734 1643 943 1743 ipsumque,
973 1643 1060 1714 dum
1091 1668 1256 1742 supernae

191 1755 376 1829 ardentius
391 1758 568 1832 inbaerere
581 1758 723 1832 volebat
743 1758 893 1831 theorice
901 1804 912 1845 ‚-
930 1759 1139 1832 intermissis
1152 1775 1256 1833 crte·

190 1870 349 1947 rioribus
368 1875 462 1946 curie
477 1874 522 1947 ad
540 1876 651 1974 ipsam
668 1875 864 1976 confugere
878 1875 1024 1949 solitum
1042 1874 1160 1948 fuisse.
1179 1878 1256 1948 Lo-

191 2014 252 2063 cus
269 1990 344 2090 ipse
359 2005 413 2064 est
426 2017 593 2064 amoenus
608 2008 645 2065 et
664 1992 833 2067 solitarioe
852 1993 936 2063 vitae
958 1993 1040 2063 eatis
1060 2018 1251 2092 congruus.

190 2104 285 2178 Nam
295 2107 336 2179 in
345 2107 438 2181 valle
449 2109 547 2180 rivus
560 2109 690 2182 sterilis
702 2108 916 2184 Carentonae
928 2109 1076 2195 defluit,
1092 2124 1127 2182 et
1141 2112 1254 2184 Luxu

190 2222 348 2296 cientem
365 2225 609 2324 episcopatum
625 2225 670 2298 ab
686 2225 896 2300 Ebroicensi
915 2226 1066 2298 dirimit.
1088 2228 1129 2298 ln
1149 2252 1255 2299 cacu-

190 2340 289 2415 mine
305 2367 393 2417 vero
416 2345 553 2416 montis
576 2344 665 2416 silva
689 2343 824 2417 crebris
847 2341 1038 2417 frondibus
1062 2358 1256 2417 ventorum

190 2454 302 2529 flabra
319 2459 485 2559 suscipit3
516 2461 553 2533 in
570 2459 709 2535 declivo
730 2478 848 2532 antem
866 2459 1002 2533 montis
1019 2460 1115 2532 inter
1133 2461 1256 2532 rivum

189 2588 228 2645 et
252 2573 377 2647 silvam
402 2577 615 2650 viridarium
648 2577 831 2651 ecclesiam
865 2568 1256 2677 circumcingit.fjAnte

189 2705 313 2785 portae
329 2691 485 2766 eoclcsiae
500 2692 628 2767 Uticus
648 2693 731 2768 fons
750 2694 886 2780 oritur3
914 2717 1025 2791 aquo
1041 2692 1162 2765 omnic
1182 2693 1256 2765 cir-

191 2809 392 2905 cumjacens
406 2811 507 2909 regio
521 2810 700 2883 Uticensis
716 2809 849 2882 dicitur
866 2809 935 2907 (1).

238 2921 294 2995 Ne
311 2924 464 2998 miretur
481 2926 561 3027 quis
584 2926 684 3026 quod
702 2927 981 3000 Luxoviensium
1003 2925 1192 3024 praesuiem
1215 2925 1254 2996 in

189 3036 398 3114 Ebroiccnsi
414 3045 607 3142 praesulatu
618 3043 880 3118 dedicationem
892 3042 1015 3115 fecisse
1028 3042 1196 3115 diximus.
1211 3044 1252 3115 lu

191 3153 319 3230 diebus
328 3159 398 3232 iltis
408 3176 480 3233 tres
491 3163 652 3260 generosi
664 3160 846 3260 praesules,
855 3143 1066 3260 magnaeque
1075 3159 1254 3233 civilitatis

192 3270 308 3346 tribue
330 3293 510 3374 praeerant
532 3277 768 3352 conterminis
791 3276 1001 3376 parrochiis.
1024 3278 1134 3376 -Hugo
1153 3274 1255 3348 Wil-

189 3389 295 3463 lermi
311 3388 482 3467 boensis
499 3395 642 3469 comitis
659 3393 753 3466 filius
769 3410 924 3492 praeerat
940 3390 1250 3475 Luxoviensibus,

190 3521 227 3578 et
242 3506 458 3582 Willermuc
473 3508 620 3584 Gerardi
640 3510 792 3584 Fleitelli
813 3510 908 3582 filius
926 3508 1155 3581 ecclesiastica
1171 3509 1253 3605 juro

191 3620 298 3697 dabat
324 3624 630 3717 Ebroicensibus,
664 3643 700 3699 et
727 3630 790 3700 lvo
811 3625 995 3699 Willermi
1024 3623 1253 3699 Belesmensis

224 3960 263 4029 (r)
285 3958 363 4014 Nous
384 3977 466 4014 avone
484 3961 565 4032 peine
586 3962 601 4013 t
621 3958 711 4013 croire
731 3974 785 4031 que
805 3975 835 4010 ce
850 3957 903 4010 soit
921 3966 993 4012 cette
1010 3957 1132 4011 fontaine
1145 3957 1194 4029 qui
1215 3958 1255 4012 ait

191 4043 282 4101 dune
294 4062 345 4101 ton
356 4064 422 4101 nom
433 4050 450 4101 ‘a
460 4045 488 4101 lt
500 4047 571 4102 foret
580 4056 609 4102 et
620 4049 702 4101 itout
711 4044 737 4100 le
746 4062 811 4118 pays
822 4043 1123 4116 environnantjusqu‘b
1132 4042 1157 4096 la
1168 4042 1251 4097 inste.

191 4133 216 4191 ll
232 4152 303 4191 nous
317 4136 459 4210 paraftrcit
477 4135 539 4208 pins
555 4134 662 4191 naturel
674 4152 730 4208 que
742 4151 772 4189 ee
785 4134 828 4189 tu
841 4132 866 4187 la
883 4133 956 4189 foret
972 4133 1019 4204 qni
1033 4132 1082 4187 ent
1095 4132 1187 4186 (locine
1202 4151 1251 4186 son

192 4242 257 4283 non
268 4229 285 4281 'a
297 4224 324 4281 h
336 4226 468 4284 sonnino,
