2910 4980
192 458 231 513 72
464 453 647 514 HISTORIA
670 454 973 517 uectesltsrlct.
1047 458 1260 539 [lost-loct]

192 573 286 645 lilius
302 588 451 645 aeternae
465 573 586 647 salutis
603 601 727 647 curam
741 575 930 651 exhibebat
947 577 1203 679 sagiensibus(
1228 582 1255 679 ).

192 689 236 760 lli
262 704 334 763 tres
353 689 390 762 in
408 689 629 763 Normanuia
655 707 741 764 tunc
759 694 911 766 maxime
931 692 1117 792 pollebant
1140 695 1255 769 divini

192 805 309 879 cultus
325 805 467 881 fervore
484 824 520 881 et
537 810 697 881 unanimi
720 835 917 897 consensu,
938 826 1112 911 tantoque
1129 828 1258 887 necte-

192 921 324 996 bantur
340 950 482 1014 amore,
502 940 544 996 ut
559 925 721 1026 quisquis
738 952 864 998 eorum
883 927 920 998 in
939 926 1082 1001 dioecesi
1099 926 1256 1001 confinis

191 1040 243 1110 sui
260 1039 359 1112 velut
375 1039 573 1139 inproprie
593 1041 727 1140 (prout
745 1055 884 1140 tempus
900 1057 937 1114 et
953 1041 1047 1115 ratio
1062 1040 1254 1140 poscebat)

193 1181 300 1229 omne
315 1155 479 1228 divinum
494 1181 584 1255 opus
601 1171 781 1231 exerceret
797 1158 874 1229 sine
891 1156 1008 1257 litigio
1025 1174 1062 1232 et
1078 1158 1204 1233 livore.

240 1271 454 1347 stimulante
475 1273 626 1361 satana,
651 1274 714 1373 qui
738 1299 925 1374 nunquam
947 1272 1106 1347 hnmano
1130 1276 1256 1375 generi

191 1413 323 1462 nocere
332 1389 482 1478 desistit,
494 1389 604 1462 nimia
619 1389 714 1462 iuter
725 1391 881 1462 Francos
891 1388 1164 1464 etNormannos
1172 1388 1258 1465 sedi·

194 1507 245 1581 tio
261 1506 404 1579 exarsit.
421 1506 597 1579 Henricus
610 1506 707 1579 enirn
719 1532 783 1579 rex
795 1507 1037 1595 Francorum,
1052 1523 1089 1581 et
1102 1504 1259 1581 Goisfre·

192 1623 258 1694 dus
273 1622 456 1696 Martellus
472 1621 688 1696 fortissimus
703 1620 1011 1723 Andegavensium
1026 1648 1145 1698 comes
1161 1622 1257 1699 Nor·

192 1765 412 1813 maranorum
431 1737 520 1813 fines
538 1766 621 1812 cnm
639 1740 726 1815 forti
745 1766 853 1813 manu
872 1741 1122 1832 intraverunt,
1141 1756 1179 1815 et
1193 1738 1259 1815 de·

195 1856 362 1928 trimenta
379 1855 642 1956 quamplurima
658 1858 876 1931 Normunnis
902 1857 1117 1930 intulerunt.
1141 1858 1258 1931 Porro

194 1971 691 2045 Willermusacerrimusdux
699 1972 996 2046 Normanuorum
1008 1973 1154 2070 injurias
1165 1972 1259 2045 rnul-

195 2091 300 2163 tuties
312 2115 389 2163 non
404 2090 560 2189 segniter
571 2091 668 2161 ultus
682 2105 746 2163 est.
763 2089 854 2161 Nam
867 2089 1056 2189 plerosque
1068 2088 1260 2163 Gallorum

195 2222 233 2282 et
253 2207 561 2309 Andegavensium
584 2208 698 2306 cepit,
722 2207 918 2282 nonnullos
943 2206 1097 2296 occidit,
1124 2204 1259 2281 multos

195 2341 313 2397 autem
341 2325 377 2396 in
406 2348 547 2397 carcere
573 2322 637 2395 diu
665 2324 802 2398 clausos
831 2323 968 2395 alllixit.
997 2322 1067 2416 Qui
1099 2321 1260 2422 singulos

194 2440 383 2513 conllictus
409 2456 446 2513 et
471 2438 620 2525 damna,
649 2465 730 2538 quae
756 2437 822 2511 sibi
852 2439 1006 2510 vicissim
1032 2438 1257 2528 intulerunt,

193 2557 384 2656 diligenter
401 2555 556 2629 voluerit
573 2555 809 2654 perscrutari,
830 2556 921 2657 legat
944 2553 1056 2629 libros
1073 2554 1258 2627 Willermi

193 2671 486 2745 Gemmeticensis
496 2669 693 2743 coenobitae
706 2687 949 2769 cognomento
955 2670 1104 2757 Calculi,
1116 2686 1153 2744 et
1162 2668 1260 2741 Wil-

194 2787 297 2861 lermi
314 2786 489 2859 Pictavini
507 2786 736 2860 Lexoviensis
751 2785 907 2859 ecclesiae
919 2783 1181 2873 archidiaconi,
1193 2784 1258 2885 qui

193 2907 237 2980 de
251 2907 358 3005 gestis
370 2905 669 2978 Normanuorum
681 2903 838 2977 studiose
854 2904 1074 3003 scripserunt
1088 2956 1098 2989 ,
1115 2917 1151 2975 et
1164 2900 1258 2975 Wil-

194 3023 309 3096 lermo
320 3025 395 3121 jam
411 3021 486 3121 regi
503 3020 705 3119 Anglorum
721 3019 839 3093 favere
856 3020 1038 3118 cupientes
1057 3032 1257 3114 praesenta-

194 3141 357 3238 rerunt(
381 3142 407 3233 ).
496 3122 505 3143 ⁴

242 3257 319 3331 Sub
343 3284 381 3331 ea
405 3272 613 3356 tempestate
638 3254 843 3329 Rodbertus
864 3253 988 3328 Geroii
1009 3252 1104 3326 filius
1128 3268 1256 3326 contre

193 3376 427 3450 Willermum
448 3372 575 3447 ducem
599 3369 804 3463 rebellavit,
830 3386 867 3443 et
889 3370 1069 3443 accersitis
1088 3368 1258 3468 Audega-

193 3492 360 3568 rensibus
387 3506 498 3563 castra
525 3515 586 3563 sua
609 3489 809 3561 :Sanctum
834 3488 970 3561 scilicet
988 3486 1196 3560 Serenicum
1219 3501 1257 3559 et

229 3768 270 3837 (ι)
281 3766 336 3823 Sur
346 3766 463 3837 nugace
475 3763 546 3820 d'Eu
563 3774 592 3819 et
605 3764 663 3817 lves
678 3762 714 3819 de
725 3761 857 3829 Bellene,
876 3778 956 3833 voyea
975 3758 1111 3815 ci-dessus
1125 3778 1208 3833 peges
1225 3760 1258 3815 18

194 3864 225 3909 et
237 3852 280 3921 tt.
291 3852 469 3915 Guillrume,
485 3850 526 3905 lils
538 3852 573 3907 tle
585 3851 696 3907 Gerard
708 3850 820 3917 Fleitel‚
837 3867 974 3922 gouverna
986 3847 1105 3903 l’evdclic'
1121 3838 1258 3903 d’tvoeux

193 3942 293 4015 &pun
306 3940 511 4015 rotbjusqu‘eu
526 3938 601 3995 1066.

222 4030 336 4095 Ι[11)8111·
346 4040 419 4087 cette
430 4046 531 4104 guerre
547 4030 596 4103 qui
605 4038 655 4083 eut
665 4028 723 4084 lieu
734 4048 769 4083 en
785 4026 867 4095 1054,
881 4044 961 4100 voyez
970 4026 1131 4082 Guillannre
1139 4026 1176 4082 de
1189 4026 1259 4082 Pot-

472 4134 525 4183 uit,
537 4114 669 4171 Hntorioe
679 4116 907 4171 Normunnorum
922 4116 1087 4185 Scriptores,
1101 4132 1129 4187 p.
1149 4112 1215 4181 181,
1228 4124 1258 4169 et

516 4222 569 4277 rer,
583 4202 661 4276 tm„
672 4224 699 4279 p.
714 4203 774 4281 ηδ.
