<?xml version="1.0" encoding="UTF-8"?>
<!DOCTYPE html PUBLIC "-//W3C//DTD XHTML 1.0 Transitional//EN"
    "http://www.w3.org/TR/xhtml1/DTD/xhtml1-transitional.dtd">
<html xmlns="http://www.w3.org/1999/xhtml" xml:lang="en" lang="en">
 <head>
  <title>
</title>
<meta http-equiv="Content-Type" content="text/html;charset=utf-8" />
  <meta name='ocr-system' content='tesseract 3.04.00' />
  <meta name='ocr-capabilities' content='ocr_page ocr_carea ocr_par ocr_line ocrx_word'/>
</head>
<body>
  <div class='ocr_page' id='page_1' title='image "./ordericivitalis01deligoog_0260.png"; bbox 0 0 2926 4980; ppageno 0'>
   <div class='ocr_carea' id='block_1_1' title="bbox 570 471 1270 546">
    <p class='ocr_par' dir='ltr' id='par_1_1' title="bbox 570 471 1270 546">
     <span class='ocr_line' id='line_1_1' title="bbox 570 471 1270 546; baseline 0 -15"><span class='ocrx_word' id='word_1_1' title='bbox 570 471 686 533; x_wconf 81' lang='lat' dir='ltr'><strong>nunu</strong></span> <span class='ocrx_word' id='word_1_2' title='bbox 707 472 901 546; x_wconf 76' lang='lat' dir='ltr'><strong>QUARTUS.</strong></span> <span class='ocrx_word' id='word_1_3' title='bbox 1210 472 1270 532; x_wconf 72' lang='lat'><strong>247</strong></span> 
     </span>
    </p>
   </div>
   <div class='ocr_carea' id='block_1_2' title="bbox 194 589 1273 3370">
    <p class='ocr_par' dir='ltr' id='par_1_2' title="bbox 194 589 1273 2526">
     <span class='ocr_line' id='line_1_2' title="bbox 251 589 1271 667; baseline -0.007 1"><span class='ocrx_word' id='word_1_4' title='bbox 251 591 451 667; x_wconf 86' lang='lat' dir='ltr'><strong>Gerbertus</strong></span> <span class='ocrx_word' id='word_1_5' title='bbox 474 590 751 664; x_wconf 85' lang='lat' dir='ltr'><strong>Fontinellensis</strong></span> <span class='ocrx_word' id='word_1_6' title='bbox 777 607 813 663; x_wconf 93' lang='lat' dir='ltr'><strong>et</strong></span> <span class='ocrx_word' id='word_1_7' title='bbox 838 589 1016 662; x_wconf 84' lang='lat' dir='ltr'><strong>Ainardus</strong></span> <span class='ocrx_word' id='word_1_8' title='bbox 1045 589 1205 661; x_wconf 84' lang='lat' dir='ltr'><strong>Divensis</strong></span> <span class='ocrx_word' id='word_1_9' title='bbox 1231 617 1271 662; x_wconf 90' lang='lat' dir='ltr'><strong>ac</strong></span> 
     </span>
     <span class='ocr_line' id='line_1_3' title="bbox 201 704 1271 809; baseline -0.004 -25"><span class='ocrx_word' id='word_1_10' title='bbox 201 709 395 784; x_wconf 85' lang='lat' dir='ltr'><strong>Durandus</strong></span> <span class='ocrx_word' id='word_1_11' title='bbox 412 708 649 782; x_wconf 85' lang='lat' dir='ltr'><strong>Troarnensis</strong></span> <span class='ocrx_word' id='word_1_12' title='bbox 667 709 742 805; x_wconf 86' lang='lat' dir='ltr'><strong>(r);</strong></span> <span class='ocrx_word' id='word_1_13' title='bbox 761 707 861 809; x_wconf 82' lang='lat' dir='ltr'>quasi</span> <span class='ocrx_word' id='word_1_14' title='bbox 881 722 952 779; x_wconf 88' lang='lat' dir='ltr'><strong>tres</strong></span> <span class='ocrx_word' id='word_1_15' title='bbox 969 705 1082 779; x_wconf 78' lang='lat' dir='ltr'><strong>stellae</strong></span> <span class='ocrx_word' id='word_1_16' title='bbox 1095 704 1271 780; x_wconf 78' lang='lat' dir='ltr'>radiantes</span> 
     </span>
     <span class='ocr_line' id='line_1_4' title="bbox 203 821 1272 916; baseline -0.003 -16"><span class='ocrx_word' id='word_1_17' title='bbox 203 829 242 900; x_wconf 91' lang='lat' dir='ltr'><strong>in</strong></span> <span class='ocrx_word' id='word_1_18' title='bbox 255 826 486 900; x_wconf 90' lang='lat' dir='ltr'><strong>firmamento</strong></span> <span class='ocrx_word' id='word_1_19' title='bbox 504 824 611 916; x_wconf 87' lang='lat' dir='ltr'><strong>coeli,</strong></span> <span class='ocrx_word' id='word_1_20' title='bbox 627 824 677 896; x_wconf 89' lang='lat' dir='ltr'><strong>sic</strong></span> <span class='ocrx_word' id='word_1_21' title='bbox 694 825 750 897; x_wconf 93' lang='lat' dir='ltr'><strong>isti</strong></span> <span class='ocrx_word' id='word_1_22' title='bbox 772 840 843 898; x_wconf 87' lang='lat' dir='ltr'><strong>tres</strong></span> <span class='ocrx_word' id='word_1_23' title='bbox 859 821 1163 897; x_wconf 84' lang='lat' dir='ltr'><strong>Archimandritae</strong></span> <span class='ocrx_word' id='word_1_24' title='bbox 1178 823 1272 897; x_wconf 89' lang='lat' dir='ltr'><strong>mul·</strong></span> 
     </span>
     <span class='ocr_line' id='line_1_5' title="bbox 202 937 1273 1040; baseline -0.001 -25"><span class='ocrx_word' id='word_1_25' title='bbox 202 944 250 1017; x_wconf 93' lang='lat' dir='ltr'><strong>tis</strong></span> <span class='ocrx_word' id='word_1_26' title='bbox 266 941 382 1016; x_wconf 85' lang='lat' dir='ltr'><strong>modis</strong></span> <span class='ocrx_word' id='word_1_27' title='bbox 404 937 603 1015; x_wconf 81' lang='lat' dir='ltr'><strong>rutilabant</strong></span> <span class='ocrx_word' id='word_1_28' title='bbox 621 941 658 1014; x_wconf 90' lang='lat' dir='ltr'><strong>in</strong></span> <span class='ocrx_word' id='word_1_29' title='bbox 682 966 763 1014; x_wconf 89' lang='lat' dir='ltr'><strong>arce</strong></span> <span class='ocrx_word' id='word_1_30' title='bbox 779 939 931 1015; x_wconf 84' lang='lat' dir='ltr'><strong>Adonai.</strong></span> <span class='ocrx_word' id='word_1_31' title='bbox 949 940 1137 1040; x_wconf 83' lang='lat' dir='ltr'><strong>Religione</strong></span> <span class='ocrx_word' id='word_1_32' title='bbox 1156 956 1194 1015; x_wconf 88' lang='lat' dir='ltr'><strong>et</strong></span> <span class='ocrx_word' id='word_1_33' title='bbox 1210 967 1273 1014; x_wconf 88' lang='lat' dir='ltr'><strong>ca·</strong></span> 
     </span>
     <span class='ocr_line' id='line_1_6' title="bbox 200 1054 1272 1157; baseline -0.002 -26"><span class='ocrx_word' id='word_1_34' title='bbox 200 1060 331 1151; x_wconf 85' lang='lat' dir='ltr'><strong>ritate,</strong></span> <span class='ocrx_word' id='word_1_35' title='bbox 348 1057 616 1157; x_wconf 83' lang='lat' dir='ltr'><strong>multiplicique</strong></span> <span class='ocrx_word' id='word_1_36' title='bbox 638 1056 764 1155; x_wconf 88' lang='lat' dir='ltr'><strong>peritia</strong></span> <span class='ocrx_word' id='word_1_37' title='bbox 782 1054 985 1155; x_wconf 87' lang='lat' dir='ltr'><strong>pollebant,</strong></span> <span class='ocrx_word' id='word_1_38' title='bbox 1003 1055 1194 1157; x_wconf 87' lang='lat' dir='ltr'><strong>studioque</strong></span> <span class='ocrx_word' id='word_1_39' title='bbox 1209 1056 1272 1132; x_wconf 88' lang='lat' dir='ltr'><strong>di-</strong></span> 
     </span>
     <span class='ocr_line' id='line_1_7' title="bbox 199 1172 1273 1273; baseline 0.002 -25"><span class='ocrx_word' id='word_1_40' title='bbox 199 1177 296 1251; x_wconf 83' lang='lat' dir='ltr'><strong>vinoe</strong></span> <span class='ocrx_word' id='word_1_41' title='bbox 310 1173 523 1249; x_wconf 76' lang='lat' dir='ltr'><strong>laudationis</strong></span> <span class='ocrx_word' id='word_1_42' title='bbox 536 1175 573 1248; x_wconf 91' lang='lat' dir='ltr'><strong>in</strong></span> <span class='ocrx_word' id='word_1_43' title='bbox 587 1173 724 1272; x_wconf 90' lang='lat' dir='ltr'><strong>templo</strong></span> <span class='ocrx_word' id='word_1_44' title='bbox 735 1174 945 1273; x_wconf 83' lang='lat' dir='ltr'><strong>Deijugiter</strong></span> <span class='ocrx_word' id='word_1_45' title='bbox 957 1172 1157 1247; x_wconf 82' lang='lat' dir='ltr'><strong>inhiabant.</strong></span> <span class='ocrx_word' id='word_1_46' title='bbox 1172 1177 1273 1250; x_wconf 81' lang='lat' dir='ltr'><strong>luter</strong></span> 
     </span>
     <span class='ocr_line' id='line_1_8' title="bbox 199 1289 1273 1394; baseline -0.001 -27"><span class='ocrx_word' id='word_1_47' title='bbox 199 1294 405 1394; x_wconf 75' lang='lat' dir='ltr'><strong>praecipuos</strong></span> <span class='ocrx_word' id='word_1_48' title='bbox 417 1310 581 1368; x_wconf 87' lang='lat' dir='ltr'><strong>cantores</strong></span> <span class='ocrx_word' id='word_1_49' title='bbox 597 1292 742 1367; x_wconf 89' lang='lat' dir='ltr'><strong>scientia</strong></span> <span class='ocrx_word' id='word_1_50' title='bbox 760 1292 905 1365; x_wconf 69' lang='lat' dir='ltr'><strong>musicae</strong></span> <span class='ocrx_word' id='word_1_51' title='bbox 923 1292 1011 1365; x_wconf 90' lang='lat' dir='ltr'><strong>artis</strong></span> <span class='ocrx_word' id='word_1_52' title='bbox 1024 1289 1069 1364; x_wconf 91' lang='lat' dir='ltr'><strong>ad</strong></span> <span class='ocrx_word' id='word_1_53' title='bbox 1085 1290 1273 1366; x_wconf 88' lang='lat' dir='ltr'><strong>modulan-</strong></span> 
     </span>
     <span class='ocr_line' id='line_1_9' title="bbox 199 1407 1271 1508; baseline -0.001 -26"><span class='ocrx_word' id='word_1_54' title='bbox 199 1408 289 1485; x_wconf 88' lang='lat' dir='ltr'><strong>dum</strong></span> <span class='ocrx_word' id='word_1_55' title='bbox 305 1412 461 1483; x_wconf 78' lang='lat' dir='ltr'><strong>suaviter</strong></span> <span class='ocrx_word' id='word_1_56' title='bbox 481 1409 588 1508; x_wconf 87' lang='lat' dir='ltr'><strong>potiti</strong></span> <span class='ocrx_word' id='word_1_57' title='bbox 612 1426 718 1497; x_wconf 83' lang='lat' dir='ltr'><strong>sunt,</strong></span> <span class='ocrx_word' id='word_1_58' title='bbox 746 1424 783 1482; x_wconf 91' lang='lat' dir='ltr'><strong>et</strong></span> <span class='ocrx_word' id='word_1_59' title='bbox 803 1407 1007 1482; x_wconf 89' lang='lat' dir='ltr'><strong>dulcisonos</strong></span> <span class='ocrx_word' id='word_1_60' title='bbox 1026 1425 1151 1480; x_wconf 90' lang='lat' dir='ltr'><strong>cantus</strong></span> <span class='ocrx_word' id='word_1_61' title='bbox 1170 1409 1271 1481; x_wconf 89' lang='lat' dir='ltr'><strong>anti-</strong></span> 
     </span>
     <span class='ocr_line' id='line_1_10' title="bbox 200 1525 1271 1626; baseline -0.003 -25"><span class='ocrx_word' id='word_1_62' title='bbox 200 1526 407 1624; x_wconf 85' lang='lat' dir='ltr'><strong>phonarum</strong></span> <span class='ocrx_word' id='word_1_63' title='bbox 421 1544 528 1626; x_wconf 87' lang='lat' dir='ltr'><strong>atque</strong></span> <span class='ocrx_word' id='word_1_64' title='bbox 544 1528 859 1626; x_wconf 83' lang='lat' dir='ltr'><strong>responsoriorum</strong></span> <span class='ocrx_word' id='word_1_65' title='bbox 873 1525 1076 1599; x_wconf 87' lang='lat' dir='ltr'><strong>ediderunt.</strong></span> <span class='ocrx_word' id='word_1_66' title='bbox 1092 1526 1145 1599; x_wconf 89' lang='lat' dir='ltr'><strong>De</strong></span> <span class='ocrx_word' id='word_1_67' title='bbox 1161 1527 1271 1598; x_wconf 89' lang='lat' dir='ltr'><strong>Sum-</strong></span> 
     </span>
     <span class='ocr_line' id='line_1_11' title="bbox 199 1641 1271 1744; baseline 0 -27"><span class='ocrx_word' id='word_1_68' title='bbox 199 1668 263 1718; x_wconf 91' lang='lat' dir='ltr'><strong>mo</strong></span> <span class='ocrx_word' id='word_1_69' title='bbox 287 1669 393 1743; x_wconf 83' lang='lat' dir='ltr'><strong>rege,</strong></span> <span class='ocrx_word' id='word_1_70' title='bbox 419 1670 529 1744; x_wconf 89' lang='lat' dir='ltr'><strong>quem</strong></span> <span class='ocrx_word' id='word_1_71' title='bbox 555 1642 700 1716; x_wconf 90' lang='lat' dir='ltr'><strong>laudant</strong></span> <span class='ocrx_word' id='word_1_72' title='bbox 726 1641 921 1717; x_wconf 89' lang='lat' dir='ltr'><strong>Cherubim</strong></span> <span class='ocrx_word' id='word_1_73' title='bbox 950 1658 986 1716; x_wconf 88' lang='lat' dir='ltr'><strong>et</strong></span> <span class='ocrx_word' id='word_1_74' title='bbox 1018 1641 1205 1741; x_wconf 83' lang='lat' dir='ltr'><strong>Seraphim</strong></span> <span class='ocrx_word' id='word_1_75' title='bbox 1235 1662 1271 1717; x_wconf 85' lang='lat' dir='ltr'><strong>ct</strong></span> 
     </span>
     <span class='ocr_line' id='line_1_12' title="bbox 198 1757 1268 1857; baseline -0.002 -26"><span class='ocrx_word' id='word_1_76' title='bbox 198 1759 319 1831; x_wconf 90' lang='lat' dir='ltr'><strong>omnis</strong></span> <span class='ocrx_word' id='word_1_77' title='bbox 346 1757 475 1829; x_wconf 93' lang='lat' dir='ltr'><strong>militia</strong></span> <span class='ocrx_word' id='word_1_78' title='bbox 506 1758 710 1847; x_wconf 76' lang='lat' dir='ltr'><strong>coelorum3</strong></span> <span class='ocrx_word' id='word_1_79' title='bbox 739 1757 782 1831; x_wconf 89' lang='lat' dir='ltr'><strong>de</strong></span> <span class='ocrx_word' id='word_1_80' title='bbox 806 1759 939 1830; x_wconf 88' lang='lat' dir='ltr'><strong>intacta</strong></span> <span class='ocrx_word' id='word_1_81' title='bbox 967 1758 1105 1857; x_wconf 81' lang='lat' dir='ltr'><strong>virgine</strong></span> <span class='ocrx_word' id='word_1_82' title='bbox 1134 1757 1268 1850; x_wconf 87' lang='lat' dir='ltr'><strong>Maria,</strong></span> 
     </span>
     <span class='ocr_line' id='line_1_13' title="bbox 197 1872 1269 1973; baseline -0.001 -26"><span class='ocrx_word' id='word_1_83' title='bbox 197 1899 282 1973; x_wconf 81' lang='lat' dir='ltr'><strong>quse</strong></span> <span class='ocrx_word' id='word_1_84' title='bbox 297 1873 405 1947; x_wconf 88' lang='lat' dir='ltr'><strong>nobis</strong></span> <span class='ocrx_word' id='word_1_85' title='bbox 425 1875 565 1973; x_wconf 88' lang='lat' dir='ltr'><strong>peperit</strong></span> <span class='ocrx_word' id='word_1_86' title='bbox 587 1873 807 1946; x_wconf 77' lang='lat' dir='ltr'><strong>salvatorem</strong></span> <span class='ocrx_word' id='word_1_87' title='bbox 827 1873 1068 1961; x_wconf 81' lang='lat' dir='ltr'><strong>saeculorum3</strong></span> <span class='ocrx_word' id='word_1_88' title='bbox 1092 1872 1135 1945; x_wconf 90' lang='lat' dir='ltr'><strong>de</strong></span> <span class='ocrx_word' id='word_1_89' title='bbox 1157 1901 1269 1972; x_wconf 80' lang='lat' dir='ltr'><strong>ange-</strong></span> 
     </span>
     <span class='ocr_line' id='line_1_14' title="bbox 199 1988 1269 2089; baseline 0 -28"><span class='ocrx_word' id='word_1_90' title='bbox 199 1988 244 2062; x_wconf 86' lang='lat' dir='ltr'><strong>lis</strong></span> <span class='ocrx_word' id='word_1_91' title='bbox 273 2005 310 2064; x_wconf 90' lang='lat' dir='ltr'><strong>et</strong></span> <span class='ocrx_word' id='word_1_92' title='bbox 330 1991 500 2089; x_wconf 90' lang='lat' dir='ltr'><strong>apostolis</strong></span> <span class='ocrx_word' id='word_1_93' title='bbox 530 2017 569 2062; x_wconf 91' lang='lat' dir='ltr'><strong>ac</strong></span> <span class='ocrx_word' id='word_1_94' title='bbox 601 1988 822 2089; x_wconf 87' lang='lat' dir='ltr'><strong>martyribus</strong></span> <span class='ocrx_word' id='word_1_95' title='bbox 830 2018 841 2078; x_wconf 78' lang='lat'>3</span> <span class='ocrx_word' id='word_1_96' title='bbox 867 1989 911 2062; x_wconf 91' lang='lat' dir='ltr'><strong>de</strong></span> <span class='ocrx_word' id='word_1_97' title='bbox 939 1988 1205 2063; x_wconf 86' lang='lat' dir='ltr'><strong>consessoribus</strong></span> <span class='ocrx_word' id='word_1_98' title='bbox 1229 2016 1269 2064; x_wconf 91' lang='lat' dir='ltr'><strong>ac</strong></span> 
     </span>
     <span class='ocr_line' id='line_1_15' title="bbox 199 2104 1270 2206; baseline 0.003 -29"><span class='ocrx_word' id='word_1_99' title='bbox 199 2105 402 2206; x_wconf 84' lang='lat' dir='ltr'><strong>virginibus</strong></span> <span class='ocrx_word' id='word_1_100' title='bbox 418 2106 605 2180; x_wconf 89' lang='lat' dir='ltr'><strong>mellilluas</strong></span> <span class='ocrx_word' id='word_1_101' title='bbox 628 2105 747 2178; x_wconf 91' lang='lat' dir='ltr'><strong>laudes</strong></span> <span class='ocrx_word' id='word_1_102' title='bbox 764 2133 808 2178; x_wconf 83' lang='lat' dir='ltr'><strong>ex</strong></span> <span class='ocrx_word' id='word_1_103' title='bbox 829 2106 1036 2179; x_wconf 88' lang='lat' dir='ltr'><strong>dulcissimo</strong></span> <span class='ocrx_word' id='word_1_104' title='bbox 1062 2104 1170 2179; x_wconf 79' lang='lat' dir='ltr'><strong>conlo</strong></span> <span class='ocrx_word' id='word_1_105' title='bbox 1193 2134 1270 2180; x_wconf 90' lang='lat' dir='ltr'><strong>ma·</strong></span> 
     </span>
     <span class='ocr_line' id='line_1_16' title="bbox 198 2220 1269 2322; baseline 0 -26"><span class='ocrx_word' id='word_1_106' title='bbox 198 2235 327 2296; x_wconf 80' lang='lat' dir='ltr'><strong>nantes</strong></span> <span class='ocrx_word' id='word_1_107' title='bbox 340 2236 598 2322; x_wconf 87' lang='lat' dir='ltr'><strong>prompserunt</strong></span> <span class='ocrx_word' id='word_1_108' title='bbox 607 2251 617 2308; x_wconf 73' lang='grc' dir='ltr'><strong><em>ς</em></strong></span> <span class='ocrx_word' id='word_1_109' title='bbox 635 2236 671 2295; x_wconf 92' lang='lat' dir='ltr'><strong>et</strong></span> <span class='ocrx_word' id='word_1_110' title='bbox 687 2221 857 2295; x_wconf 80' lang='lat' dir='ltr'><strong>Ecclesiae</strong></span> <span class='ocrx_word' id='word_1_111' title='bbox 874 2223 994 2321; x_wconf 89' lang='lat' dir='ltr'><strong>pueris</strong></span> <span class='ocrx_word' id='word_1_112' title='bbox 1011 2220 1055 2293; x_wconf 94' lang='lat' dir='ltr'><strong>ad</strong></span> <span class='ocrx_word' id='word_1_113' title='bbox 1071 2222 1269 2296; x_wconf 86' lang='lat' dir='ltr'><strong>concinen-</strong></span> 
     </span>
     <span class='ocr_line' id='line_1_17' title="bbox 194 2335 1266 2434; baseline 0 -24"><span class='ocrx_word' id='word_1_114' title='bbox 194 2336 287 2411; x_wconf 87' lang='lat' dir='ltr'><strong>dum</strong></span> <span class='ocrx_word' id='word_1_115' title='bbox 302 2337 458 2411; x_wconf 87' lang='lat' dir='ltr'><strong>Domino</strong></span> <span class='ocrx_word' id='word_1_116' title='bbox 472 2363 555 2409; x_wconf 93' lang='lat' dir='ltr'><strong>cum</strong></span> <span class='ocrx_word' id='word_1_117' title='bbox 569 2335 687 2434; x_wconf 87' lang='lat' dir='ltr'><strong>Asaph</strong></span> <span class='ocrx_word' id='word_1_118' title='bbox 705 2353 742 2411; x_wconf 89' lang='lat' dir='ltr'><strong>et</strong></span> <span class='ocrx_word' id='word_1_119' title='bbox 758 2338 894 2424; x_wconf 87' lang='lat' dir='ltr'><strong>Eman,</strong></span> <span class='ocrx_word' id='word_1_120' title='bbox 910 2335 1030 2410; x_wconf 84' lang='lat' dir='ltr'><strong>Ethau</strong></span> <span class='ocrx_word' id='word_1_121' title='bbox 1044 2352 1080 2409; x_wconf 91' lang='lat' dir='ltr'><strong>et</strong></span> <span class='ocrx_word' id='word_1_122' title='bbox 1099 2335 1266 2427; x_wconf 84' lang='lat' dir='ltr'><strong>idithun,</strong></span> 
     </span>
     <span class='ocr_line' id='line_1_18' title="bbox 197 2449 897 2526; baseline -0.003 -2"><span class='ocrx_word' id='word_1_123' title='bbox 197 2465 235 2524; x_wconf 91' lang='lat' dir='ltr'><strong>et</strong></span> <span class='ocrx_word' id='word_1_124' title='bbox 251 2449 336 2525; x_wconf 88' lang='lat' dir='ltr'><strong>filiis</strong></span> <span class='ocrx_word' id='word_1_125' title='bbox 352 2450 471 2526; x_wconf 84' lang='lat' dir='ltr'><strong>Chore</strong></span> <span class='ocrx_word' id='word_1_126' title='bbox 488 2450 642 2525; x_wconf 87' lang='lat' dir='ltr'><strong>fideliter</strong></span> <span class='ocrx_word' id='word_1_127' title='bbox 659 2451 897 2526; x_wconf 87' lang='lat' dir='ltr'><strong>tradiderunt.</strong></span> 
     </span>
    </p>

    <p class='ocr_par' dir='ltr' id='par_1_3' title="bbox 194 2567 1268 3370">
     <span class='ocr_line' id='line_1_19' title="bbox 247 2567 1267 2644; baseline 0 -2"><span class='ocrx_word' id='word_1_128' title='bbox 247 2568 415 2644; x_wconf 86' lang='lat' dir='ltr'><strong>Nicolaus</strong></span> <span class='ocrx_word' id='word_1_129' title='bbox 433 2567 574 2641; x_wconf 85' lang='lat' dir='ltr'><strong>Ricardi</strong></span> <span class='ocrx_word' id='word_1_130' title='bbox 594 2569 693 2641; x_wconf 85' lang='lat' dir='ltr'><strong>tertii</strong></span> <span class='ocrx_word' id='word_1_131' title='bbox 707 2567 806 2641; x_wconf 93' lang='lat' dir='ltr'><strong>ducis</strong></span> <span class='ocrx_word' id='word_1_132' title='bbox 823 2568 1121 2641; x_wconf 89' lang='lat' dir='ltr'><strong>Normannorum</strong></span> <span class='ocrx_word' id='word_1_133' title='bbox 1140 2568 1267 2642; x_wconf 87' lang='lat' dir='ltr'><strong>liliusa</strong></span> 
     </span>
     <span class='ocr_line' id='line_1_20' title="bbox 196 2682 1268 2784; baseline 0.002 -26"><span class='ocrx_word' id='word_1_134' title='bbox 196 2711 313 2784; x_wconf 88' lang='lat' dir='ltr'><strong>puero</strong></span> <span class='ocrx_word' id='word_1_135' title='bbox 332 2685 578 2760; x_wconf 88' lang='lat' dir='ltr'><strong>Fiscannensis</strong></span> <span class='ocrx_word' id='word_1_136' title='bbox 596 2684 815 2770; x_wconf 89' lang='lat' dir='ltr'><strong>monachus,</strong></span> <span class='ocrx_word' id='word_1_137' title='bbox 837 2682 1050 2757; x_wconf 83' lang='lat' dir='ltr'><strong>coenobium</strong></span> <span class='ocrx_word' id='word_1_138' title='bbox 1068 2686 1181 2757; x_wconf 89' lang='lat' dir='ltr'><strong>sancti</strong></span> <span class='ocrx_word' id='word_1_139' title='bbox 1198 2686 1268 2760; x_wconf 93' lang='lat' dir='ltr'><strong>Pe-</strong></span> 
     </span>
     <span class='ocr_line' id='line_1_21' title="bbox 197 2799 1265 2902; baseline 0.003 -30"><span class='ocrx_word' id='word_1_140' title='bbox 197 2801 246 2873; x_wconf 88' lang='lat' dir='ltr'><strong>tri</strong></span> <span class='ocrx_word' id='word_1_141' title='bbox 273 2801 718 2900; x_wconf 23' lang='lat' dir='ltr'><strong>principislapostolorum</strong></span> <span class='ocrx_word' id='word_1_142' title='bbox 746 2802 783 2872; x_wconf 91' lang='lat' dir='ltr'><strong>in</strong></span> <span class='ocrx_word' id='word_1_143' title='bbox 807 2799 991 2875; x_wconf 88' lang='lat' dir='ltr'><strong>suburbio·</strong></span> <span class='ocrx_word' id='word_1_144' title='bbox 1010 2801 1265 2902; x_wconf 83' lang='lat' dir='ltr'><strong>Rotomagensi</strong></span> 
     </span>
     <span class='ocr_line' id='line_1_22' title="bbox 195 2916 1267 3021; baseline 0.003 -31"><span class='ocrx_word' id='word_1_145' title='bbox 195 2917 274 2992; x_wconf 83' lang='lat' dir='ltr'><strong>lere</strong></span> <span class='ocrx_word' id='word_1_146' title='bbox 287 2941 334 2990; x_wconf 79' lang='lat' dir='ltr'><strong>tx</strong></span> <span class='ocrx_word' id='word_1_147' title='bbox 351 2918 455 2990; x_wconf 88' lang='lat' dir='ltr'><strong>annis</strong></span> <span class='ocrx_word' id='word_1_148' title='bbox 472 2917 583 3003; x_wconf 86' lang='lat' dir='ltr'><strong>rexit,</strong></span> <span class='ocrx_word' id='word_1_149' title='bbox 603 2918 776 3018; x_wconf 83' lang='lat' dir='ltr'><strong>miraeque</strong></span> <span class='ocrx_word' id='word_1_150' title='bbox 794 2916 1053 3017; x_wconf 81' lang='lat' dir='ltr'><strong>magnitudinis</strong></span> <span class='ocrx_word' id='word_1_151' title='bbox 1070 2935 1105 2992; x_wconf 87' lang='lat' dir='ltr'><strong>et</strong></span> <span class='ocrx_word' id='word_1_152' title='bbox 1125 2918 1267 3021; x_wconf 85' lang='lat' dir='ltr'><strong>elegan-</strong></span> 
     </span>
     <span class='ocr_line' id='line_1_23' title="bbox 197 3034 1265 3136; baseline 0.003 -28"><span class='ocrx_word' id='word_1_153' title='bbox 197 3036 260 3110; x_wconf 80' lang='lat' dir='ltr'><strong>tiae</strong></span> <span class='ocrx_word' id='word_1_154' title='bbox 267 3034 448 3109; x_wconf 83' lang='lat' dir='ltr'><strong>basilicam</strong></span> <span class='ocrx_word' id='word_1_155' title='bbox 458 3037 586 3134; x_wconf 87' lang='lat' dir='ltr'><strong>coepit,</strong></span> <span class='ocrx_word' id='word_1_156' title='bbox 602 3036 720 3134; x_wconf 89' lang='lat' dir='ltr'><strong>inqua</strong></span> <span class='ocrx_word' id='word_1_157' title='bbox 734 3061 865 3135; x_wconf 86' lang='lat' dir='ltr'><strong>corpus</strong></span> <span class='ocrx_word' id='word_1_158' title='bbox 876 3036 988 3108; x_wconf 89' lang='lat' dir='ltr'><strong>sancti</strong></span> <span class='ocrx_word' id='word_1_159' title='bbox 1000 3035 1165 3110; x_wconf 71' lang='lat' dir='ltr'><strong>Audotini</strong></span> <span class='ocrx_word' id='word_1_160' title='bbox 1177 3042 1265 3136; x_wconf 84' lang='lat' dir='ltr'><strong>ejus-</strong></span> 
     </span>
     <span class='ocr_line' id='line_1_24' title="bbox 195 3151 1263 3252; baseline 0.002 -27"><span class='ocrx_word' id='word_1_161' title='bbox 195 3153 280 3227; x_wconf 88' lang='lat' dir='ltr'><strong>dem</strong></span> <span class='ocrx_word' id='word_1_162' title='bbox 304 3152 403 3225; x_wconf 89' lang='lat' dir='ltr'><strong>urbis</strong></span> <span class='ocrx_word' id='word_1_163' title='bbox 427 3151 682 3252; x_wconf 90' lang='lat' dir='ltr'><strong>archiepiscopi</strong></span> <span class='ocrx_word' id='word_1_164' title='bbox 706 3179 789 3225; x_wconf 89' lang='lat' dir='ltr'><strong>cum</strong></span> <span class='ocrx_word' id='word_1_165' title='bbox 811 3154 934 3226; x_wconf 88' lang='lat' dir='ltr'><strong>multis</strong></span> <span class='ocrx_word' id='word_1_166' title='bbox 955 3152 1032 3224; x_wconf 89' lang='lat' dir='ltr'><strong>aliis</strong></span> <span class='ocrx_word' id='word_1_167' title='bbox 1057 3170 1263 3227; x_wconf 90' lang='lat' dir='ltr'><strong>sanctorum</strong></span> 
     </span>
     <span class='ocr_line' id='line_1_25' title="bbox 194 3268 1264 3370; baseline -0.002 -27"><span class='ocrx_word' id='word_1_168' title='bbox 194 3268 360 3369; x_wconf 86' lang='lat' dir='ltr'><strong>reliquiis</strong></span> <span class='ocrx_word' id='word_1_169' title='bbox 375 3268 567 3370; x_wconf 87' lang='lat' dir='ltr'><strong>requiescit</strong></span> <span class='ocrx_word' id='word_1_170' title='bbox 584 3269 656 3366; x_wconf 82' lang='lat' dir='ltr'><strong>(a)</strong></span> <span class='ocrx_word' id='word_1_171' title='bbox 676 3268 747 3340; x_wconf 88' lang='lat' dir='ltr'><strong>Alii</strong></span> <span class='ocrx_word' id='word_1_172' title='bbox 762 3294 908 3369; x_wconf 90' lang='lat' dir='ltr'><strong>quoque</strong></span> <span class='ocrx_word' id='word_1_173' title='bbox 920 3268 1040 3366; x_wconf 89' lang='lat' dir='ltr'><strong>plures</strong></span> <span class='ocrx_word' id='word_1_174' title='bbox 1062 3284 1148 3340; x_wconf 86' lang='lat' dir='ltr'><strong>tunc</strong></span> <span class='ocrx_word' id='word_1_175' title='bbox 1161 3285 1264 3343; x_wconf 89' lang='lat' dir='ltr'><strong>erant</strong></span> 
     </span>
    </p>
   </div>
   <div class='ocr_carea' id='block_1_3' title="bbox 191 3511 1263 4287">
    <p class='ocr_par' dir='ltr' id='par_1_4' title="bbox 193 3511 1262 3770">
     <span class='ocr_line' id='line_1_26' title="bbox 230 3511 1262 3590; baseline -0.003 -18"><span class='ocrx_word' id='word_1_176' title='bbox 230 3515 512 3587; x_wconf 75' lang='lat' dir='ltr'><strong>(1)Gerbert‚abhe</strong></span> <span class='ocrx_word' id='word_1_177' title='bbox 530 3514 566 3570; x_wconf 90' lang='lat' dir='ltr'><strong>de</strong></span> <span class='ocrx_word' id='word_1_178' title='bbox 586 3514 837 3570; x_wconf 88' lang='lat' dir='ltr'><strong>Saint-Wandrille</strong></span> <span class='ocrx_word' id='word_1_179' title='bbox 855 3511 969 3584; x_wconf 55' lang='lat' dir='ltr'><strong>(robis-4</strong></span> <span class='ocrx_word' id='word_1_180' title='bbox 987 3514 1144 3588; x_wconf 85' lang='lat' dir='ltr'><strong>septembre</strong></span> <span class='ocrx_word' id='word_1_181' title='bbox 1164 3517 1262 3590; x_wconf 80' lang='lat'>1089);</span> 
     </span>
     <span class='ocr_line' id='line_1_27' title="bbox 193 3603 1262 3678; baseline -0.001 -16"><span class='ocrx_word' id='word_1_182' title='bbox 193 3605 315 3673; x_wconf 77' lang='lat' dir='ltr'><strong>Ainard,</strong></span> <span class='ocrx_word' id='word_1_183' title='bbox 331 3604 402 3659; x_wconf 73' lang='lat' dir='ltr'><strong>abbe</strong></span> <span class='ocrx_word' id='word_1_184' title='bbox 410 3604 445 3660; x_wconf 90' lang='lat' dir='ltr'><strong>de</strong></span> <span class='ocrx_word' id='word_1_185' title='bbox 458 3604 1044 3660; x_wconf 85' lang='lat' dir='ltr'><strong>Notre-Dame·de-Saint-Pierre·sur·Dive</strong></span> <span class='ocrx_word' id='word_1_186' title='bbox 1058 3603 1189 3675; x_wconf 63' lang='lat' dir='ltr'><strong>(roton</strong></span> <span class='ocrx_word' id='word_1_187' title='bbox 1200 3607 1262 3678; x_wconf 89' lang='lat' dir='ltr'><strong>jan-</strong></span> 
     </span>
     <span class='ocr_line' id='line_1_28' title="bbox 194 3690 1226 3770; baseline 0.001 -21"><span class='ocrx_word' id='word_1_188' title='bbox 194 3696 253 3750; x_wconf 85' lang='lat' dir='ltr'><strong>vier</strong></span> <span class='ocrx_word' id='word_1_189' title='bbox 268 3695 361 3770; x_wconf 80' lang='lat'><strong>1078);</strong></span> <span class='ocrx_word' id='word_1_190' title='bbox 373 3694 498 3761; x_wconf 90' lang='lat' dir='ltr'><strong>Durand,</strong></span> <span class='ocrx_word' id='word_1_191' title='bbox 509 3694 580 3749; x_wconf 74' lang='lat' dir='ltr'><strong>abbe</strong></span> <span class='ocrx_word' id='word_1_192' title='bbox 596 3692 631 3748; x_wconf 90' lang='lat' dir='ltr'><strong>de</strong></span> <span class='ocrx_word' id='word_1_193' title='bbox 643 3690 809 3762; x_wconf 83' lang='lat' dir='ltr'><strong>Troarn(15</strong></span> <span class='ocrx_word' id='word_1_194' title='bbox 823 3693 877 3747; x_wconf 88' lang='lat' dir='ltr'><strong>mai</strong></span> <span class='ocrx_word' id='word_1_195' title='bbox 896 3691 1007 3766; x_wconf 80' lang='lat' dir='ltr'><strong>1059·rr</strong></span> <span class='ocrx_word' id='word_1_196' title='bbox 1023 3693 1124 3747; x_wconf 76' lang='lat' dir='ltr'><strong>ferrier</strong></span> <span class='ocrx_word' id='word_1_197' title='bbox 1139 3694 1226 3767; x_wconf 72' lang='lat'>1088).</span> 
     </span>
    </p>

    <p class='ocr_par' dir='ltr' id='par_1_5' title="bbox 191 3780 1263 4287">
     <span class='ocr_line' id='line_1_29' title="bbox 229 3780 1263 3856; baseline 0 -17"><span class='ocrx_word' id='word_1_198' title='bbox 229 3788 269 3856; x_wconf 82' lang='lat' dir='ltr'><strong>(a)</strong></span> <span class='ocrx_word' id='word_1_199' title='bbox 287 3785 411 3853; x_wconf 85' lang='lat' dir='ltr'><strong>Nicolas,</strong></span> <span class='ocrx_word' id='word_1_200' title='bbox 426 3785 468 3840; x_wconf 87' lang='lat' dir='ltr'><strong>lils</strong></span> <span class='ocrx_word' id='word_1_201' title='bbox 479 3785 514 3840; x_wconf 89' lang='lat' dir='ltr'><strong>de</strong></span> <span class='ocrx_word' id='word_1_202' title='bbox 525 3782 650 3840; x_wconf 84' lang='lat' dir='ltr'><strong>Richard</strong></span> <span class='ocrx_word' id='word_1_203' title='bbox 659 3784 717 3851; x_wconf 81' lang='lat' dir='ltr'><strong>Ill,</strong></span> <span class='ocrx_word' id='word_1_204' title='bbox 732 3783 802 3839; x_wconf 74' lang='lat' dir='ltr'><strong>abbe</strong></span> <span class='ocrx_word' id='word_1_205' title='bbox 810 3782 846 3838; x_wconf 88' lang='lat' dir='ltr'><strong>de</strong></span> <span class='ocrx_word' id='word_1_206' title='bbox 858 3782 1036 3838; x_wconf 78' lang='lat' dir='ltr'><strong>saint-Oura</strong></span> <span class='ocrx_word' id='word_1_207' title='bbox 1048 3780 1128 3854; x_wconf 78' lang='lat'>(1036</span> <span class='ocrx_word' id='word_1_208' title='bbox 1135 3783 1263 3839; x_wconf 76' lang='lat' dir='ltr'><strong>i-levrier</strong></span> 
     </span>
     <span class='ocr_line' id='line_1_30' title="bbox 198 3870 1262 3948; baseline -0.001 -19"><span class='ocrx_word' id='word_1_209' title='bbox 198 3877 286 3948; x_wconf 76' lang='lat'><strong>1092).</strong></span> <span class='ocrx_word' id='word_1_210' title='bbox 297 3874 344 3930; x_wconf 94' lang='lat' dir='ltr'><strong>On</strong></span> <span class='ocrx_word' id='word_1_211' title='bbox 353 3873 468 3946; x_wconf 71' lang='lat' dir='ltr'><strong>posshde</strong></span> <span class='ocrx_word' id='word_1_212' title='bbox 476 3891 576 3928; x_wconf 88' lang='lat' dir='ltr'><strong>encore</strong></span> <span class='ocrx_word' id='word_1_213' title='bbox 585 3873 750 3928; x_wconf 75' lang='lat' dir='ltr'><strong>l’extremite</strong></span> <span class='ocrx_word' id='word_1_214' title='bbox 757 3871 795 3927; x_wconf 86' lang='lat' dir='ltr'><strong>du</strong></span> <span class='ocrx_word' id='word_1_215' title='bbox 805 3881 942 3944; x_wconf 87' lang='lat' dir='ltr'><strong>transsept</strong></span> <span class='ocrx_word' id='word_1_216' title='bbox 949 3870 1021 3926; x_wconf 89' lang='lat' dir='ltr'><strong>nord</strong></span> <span class='ocrx_word' id='word_1_217' title='bbox 1031 3870 1066 3926; x_wconf 87' lang='lat' dir='ltr'><strong>de</strong></span> <span class='ocrx_word' id='word_1_218' title='bbox 1076 3871 1179 3945; x_wconf 72' lang='lat' dir='ltr'><strong>l&#39;eglise</strong></span> <span class='ocrx_word' id='word_1_219' title='bbox 1187 3892 1262 3928; x_wconf 91' lang='lat' dir='ltr'><strong>com-</strong></span> 
     </span>
     <span class='ocr_line' id='line_1_31' title="bbox 192 3959 1260 4034; baseline -0.001 -18"><span class='ocrx_word' id='word_1_220' title='bbox 192 3965 305 4017; x_wconf 74' lang='lat' dir='ltr'><strong>mences</strong></span> <span class='ocrx_word' id='word_1_221' title='bbox 318 3981 368 4034; x_wconf 91' lang='lat' dir='ltr'><strong>par</strong></span> <span class='ocrx_word' id='word_1_222' title='bbox 379 3962 428 4016; x_wconf 89' lang='lat' dir='ltr'><strong>lui.</strong></span> <span class='ocrx_word' id='word_1_223' title='bbox 446 3962 485 4016; x_wconf 80' lang='lat' dir='ltr'><strong>Ce</strong></span> <span class='ocrx_word' id='word_1_224' title='bbox 506 3963 620 4017; x_wconf 86' lang='lat' dir='ltr'><strong>curieux</strong></span> <span class='ocrx_word' id='word_1_225' title='bbox 635 3970 813 4031; x_wconf 90' lang='lat' dir='ltr'><strong>monument,</strong></span> <span class='ocrx_word' id='word_1_226' title='bbox 833 3960 911 4034; x_wconf 77' lang='lat' dir='ltr'><strong>place</strong></span> <span class='ocrx_word' id='word_1_227' title='bbox 930 3970 1009 4015; x_wconf 85' lang='lat' dir='ltr'><strong>entre</strong></span> <span class='ocrx_word' id='word_1_228' title='bbox 1021 3959 1126 4033; x_wconf 77' lang='lat' dir='ltr'><strong>l’eglise</strong></span> <span class='ocrx_word' id='word_1_229' title='bbox 1144 3962 1260 4017; x_wconf 89' lang='lat' dir='ltr'><strong>actuelle</strong></span> 
     </span>
     <span class='ocr_line' id='line_1_32' title="bbox 191 4049 1261 4124; baseline 0.002 -20"><span class='ocrx_word' id='word_1_230' title='bbox 191 4061 220 4105; x_wconf 85' lang='lat' dir='ltr'><strong>et</strong></span> <span class='ocrx_word' id='word_1_231' title='bbox 237 4050 333 4106; x_wconf 81' lang='lat' dir='ltr'><strong>l&#39;hbtel</strong></span> <span class='ocrx_word' id='word_1_232' title='bbox 350 4049 385 4105; x_wconf 89' lang='lat' dir='ltr'><strong>de</strong></span> <span class='ocrx_word' id='word_1_233' title='bbox 402 4050 427 4105; x_wconf 86' lang='lat' dir='ltr'><strong>la</strong></span> <span class='ocrx_word' id='word_1_234' title='bbox 441 4051 553 4118; x_wconf 79' lang='lat' dir='ltr'><strong>uranie,</strong></span> <span class='ocrx_word' id='word_1_235' title='bbox 566 4049 671 4123; x_wconf 82' lang='lat' dir='ltr'><strong>justitie</strong></span> <span class='ocrx_word' id='word_1_236' title='bbox 684 4069 734 4124; x_wconf 88' lang='lat' dir='ltr'><strong>par</strong></span> <span class='ocrx_word' id='word_1_237' title='bbox 746 4068 788 4105; x_wconf 85' lang='lat' dir='ltr'><strong>scs</strong></span> <span class='ocrx_word' id='word_1_238' title='bbox 800 4049 885 4104; x_wconf 88' lang='lat' dir='ltr'><strong>belles</strong></span> <span class='ocrx_word' id='word_1_239' title='bbox 898 4049 1090 4123; x_wconf 87' lang='lat' dir='ltr'><strong>proportions,</strong></span> <span class='ocrx_word' id='word_1_240' title='bbox 1110 4050 1204 4124; x_wconf 89' lang='lat' dir='ltr'><strong>quand</strong></span> <span class='ocrx_word' id='word_1_241' title='bbox 1224 4070 1261 4106; x_wconf 89' lang='lat' dir='ltr'><strong>on</strong></span> 
     </span>
     <span class='ocr_line' id='line_1_33' title="bbox 191 4139 1261 4214; baseline -0.001 -17"><span class='ocrx_word' id='word_1_242' title='bbox 191 4141 336 4197; x_wconf 77' lang='lat' dir='ltr'><strong>l’exanriue</strong></span> <span class='ocrx_word' id='word_1_243' title='bbox 352 4145 368 4196; x_wconf 75' lang='lat' dir='ltr'><strong>a</strong></span> <span class='ocrx_word' id='word_1_244' title='bbox 386 4141 550 4210; x_wconf 82' lang='lat' dir='ltr'><strong>l&#39;inte&#39;rieur,</strong></span> <span class='ocrx_word' id='word_1_245' title='bbox 564 4142 602 4196; x_wconf 82' lang='lat' dir='ltr'><strong>les</strong></span> <span class='ocrx_word' id='word_1_246' title='bbox 614 4141 803 4214; x_wconf 72' lang='lat' dir='ltr'><strong>ternoignages</strong></span> <span class='ocrx_word' id='word_1_247' title='bbox 817 4140 1013 4196; x_wconf 86' lang='lat' dir='ltr'><strong>d’admiration</strong></span> <span class='ocrx_word' id='word_1_248' title='bbox 1026 4139 1093 4214; x_wconf 89' lang='lat' dir='ltr'><strong>qn’il</strong></span> <span class='ocrx_word' id='word_1_249' title='bbox 1106 4141 1261 4214; x_wconf 75' lang='lat' dir='ltr'><strong>inspiraita</strong></span> 
     </span>
     <span class='ocr_line' id='line_1_34' title="bbox 191 4243 398 4287; baseline 0 -1"><span class='ocrx_word' id='word_1_250' title='bbox 191 4243 272 4287; x_wconf 84' lang='lat' dir='ltr'><strong>notre</strong></span> <span class='ocrx_word' id='word_1_251' title='bbox 285 4243 398 4286; x_wconf 80' lang='lat' dir='ltr'><strong>auteur.</strong></span> 
     </span>
    </p>
   </div>
   <div class='ocr_carea' id='block_1_4' title="bbox 0 0 1468 4980">
    <p class='ocr_par' dir='ltr' id='par_1_6' title="bbox 0 0 1468 4980">
     <span class='ocr_line' id='line_1_35' title="bbox 0 0 1468 4980; baseline 0 3"><span class='ocrx_word' id='word_1_252' title='bbox 0 0 1468 4980; x_wconf 95' lang='lat' dir='ltr'><strong> </strong></span> 
     </span>
    </p>
   </div>
  </div>
 </body>
</html>
