<?xml version="1.0" encoding="UTF-8"?>
<!DOCTYPE html PUBLIC "-//W3C//DTD XHTML 1.0 Transitional//EN"
    "http://www.w3.org/TR/xhtml1/DTD/xhtml1-transitional.dtd">
<html xmlns="http://www.w3.org/1999/xhtml" xml:lang="en" lang="en">
 <head>
  <title>
</title>
<meta http-equiv="Content-Type" content="text/html;charset=utf-8" />
  <meta name='ocr-system' content='tesseract 3.04.00' />
  <meta name='ocr-capabilities' content='ocr_page ocr_carea ocr_par ocr_line ocrx_word'/>
</head>
<body>
  <div class='ocr_page' id='page_1' title='image "./ordericivitalis01deligoog/ordericivitalis01deligoog_0031.png"; bbox 0 0 2910 4980; ppageno 0'>
   <div class='ocr_carea' id='block_1_1' title="bbox 196 333 1255 423">
    <p class='ocr_par' dir='ltr' id='par_1_1' title="bbox 196 333 1255 423">
     <span class='ocr_line' id='line_1_1' title="bbox 196 333 1255 423; baseline 0.016 -35"><span class='ocrx_word' id='word_1_1' title='bbox 196 343 233 402; x_wconf 79' lang='lat'>18</span> <span class='ocrx_word' id='word_1_2' title='bbox 469 333 652 395; x_wconf 77' lang='lat' dir='ltr'>HISTORIA</span> <span class='ocrx_word' id='word_1_3' title='bbox 674 335 977 400; x_wconf 72' lang='lat' dir='ltr'>tcctnstastlct.</span> <span class='ocrx_word' id='word_1_4' title='bbox 1149 344 1255 423; x_wconf 86' lang='lat'>[1050]</span> 
     </span>
    </p>
   </div>
   <div class='ocr_carea' id='block_1_2' title="bbox 189 454 1265 3587">
    <p class='ocr_par' dir='ltr' id='par_1_2' title="bbox 189 454 1265 3587">
     <span class='ocr_line' id='line_1_2' title="bbox 242 454 1257 552; baseline 0.005 -20"><span class='ocrx_word' id='word_1_5' title='bbox 242 454 404 532; x_wconf 86' lang='lat' dir='ltr'>Annoab</span> <span class='ocrx_word' id='word_1_6' title='bbox 414 456 660 530; x_wconf 80' lang='lat' dir='ltr'>incarnatione</span> <span class='ocrx_word' id='word_1_7' title='bbox 672 458 818 532; x_wconf 87' lang='lat' dir='ltr'>Domini</span> <span class='ocrx_word' id='word_1_8' title='bbox 832 469 899 533; x_wconf 80' lang='lat' dir='ltr'>nt⁰</span> <span class='ocrx_word' id='word_1_9' title='bbox 910 461 1107 536; x_wconf 79' lang='lat' dir='ltr'>indictione</span> <span class='ocrx_word' id='word_1_10' title='bbox 1121 475 1186 552; x_wconf 83' lang='lat' dir='ltr'>1v¹,</span> <span class='ocrx_word' id='word_1_11' title='bbox 1197 463 1257 537; x_wconf 84' lang='lat' dir='ltr'>fir-</span> 
     </span>
     <span class='ocr_line' id='line_1_3' title="bbox 192 572 1255 674; baseline 0.004 -24"><span class='ocrx_word' id='word_1_12' title='bbox 192 594 291 650; x_wconf 92' lang='lat' dir='ltr'>mato</span> <span class='ocrx_word' id='word_1_13' title='bbox 308 573 459 648; x_wconf 88' lang='lat' dir='ltr'>consilio</span> <span class='ocrx_word' id='word_1_14' title='bbox 476 572 520 646; x_wconf 90' lang='lat' dir='ltr'>de</span> <span class='ocrx_word' id='word_1_15' title='bbox 539 575 772 649; x_wconf 87' lang='lat' dir='ltr'>restaurando</span> <span class='ocrx_word' id='word_1_16' title='bbox 788 575 882 674; x_wconf 93' lang='lat' dir='ltr'>apud</span> <span class='ocrx_word' id='word_1_17' title='bbox 898 578 1044 651; x_wconf 90' lang='lat' dir='ltr'>Uticum</span> <span class='ocrx_word' id='word_1_18' title='bbox 1062 579 1255 670; x_wconf 89' lang='lat' dir='ltr'>coenobio,</span> 
     </span>
     <span class='ocr_line' id='line_1_4' title="bbox 192 687 1257 794; baseline 0.004 -31"><span class='ocrx_word' id='word_1_19' title='bbox 192 691 408 764; x_wconf 86' lang='lat' dir='ltr'>Willermus</span> <span class='ocrx_word' id='word_1_20' title='bbox 426 703 463 761; x_wconf 95' lang='lat' dir='ltr'>et</span> <span class='ocrx_word' id='word_1_21' title='bbox 485 687 683 761; x_wconf 87' lang='lat' dir='ltr'>Rotbertus</span> <span class='ocrx_word' id='word_1_22' title='bbox 699 689 764 763; x_wconf 90' lang='lat' dir='ltr'>filii</span> <span class='ocrx_word' id='word_1_23' title='bbox 788 689 911 764; x_wconf 88' lang='lat' dir='ltr'>Geroii</span> <span class='ocrx_word' id='word_1_24' title='bbox 931 691 1013 790; x_wconf 86' lang='lat'>(1),</span> <span class='ocrx_word' id='word_1_25' title='bbox 1037 709 1073 766; x_wconf 94' lang='lat' dir='ltr'>et</span> <span class='ocrx_word' id='word_1_26' title='bbox 1095 695 1200 794; x_wconf 80' lang='lat' dir='ltr'>Hugo</span> <span class='ocrx_word' id='word_1_27' title='bbox 1216 721 1257 767; x_wconf 89' lang='lat' dir='ltr'>ac</span> 
     </span>
     <span class='ocr_line' id='line_1_5' title="bbox 192 802 1258 884; baseline 0.004 -4"><span class='ocrx_word' id='word_1_28' title='bbox 192 807 389 882; x_wconf 88' lang='lat' dir='ltr'>Rotbertus</span> <span class='ocrx_word' id='word_1_29' title='bbox 414 804 479 878; x_wconf 90' lang='lat' dir='ltr'>filii</span> <span class='ocrx_word' id='word_1_30' title='bbox 503 802 671 878; x_wconf 90' lang='lat' dir='ltr'>Rotberti</span> <span class='ocrx_word' id='word_1_31' title='bbox 696 807 741 880; x_wconf 94' lang='lat' dir='ltr'>de</span> <span class='ocrx_word' id='word_1_32' title='bbox 763 806 1079 883; x_wconf 89' lang='lat' dir='ltr'>Grentemaisnilio</span> <span class='ocrx_word' id='word_1_33' title='bbox 1103 811 1258 884; x_wconf 91' lang='lat' dir='ltr'>Willer-</span> 
     </span>
     <span class='ocr_line' id='line_1_6' title="bbox 191 922 1258 1027; baseline 0.002 -28"><span class='ocrx_word' id='word_1_34' title='bbox 191 953 294 999; x_wconf 91' lang='lat' dir='ltr'>mum</span> <span class='ocrx_word' id='word_1_35' title='bbox 306 924 433 997; x_wconf 89' lang='lat' dir='ltr'>ducem</span> <span class='ocrx_word' id='word_1_36' title='bbox 442 922 740 998; x_wconf 89' lang='lat' dir='ltr'>Normannorum</span> <span class='ocrx_word' id='word_1_37' title='bbox 750 923 929 1012; x_wconf 88' lang='lat' dir='ltr'>adierunt,</span> <span class='ocrx_word' id='word_1_38' title='bbox 943 952 1114 1027; x_wconf 90' lang='lat' dir='ltr'>suamque</span> <span class='ocrx_word' id='word_1_39' title='bbox 1128 928 1258 1001; x_wconf 89' lang='lat' dir='ltr'>volun·</span> 
     </span>
     <span class='ocr_line' id='line_1_7' title="bbox 194 1039 1258 1141; baseline 0.005 -28"><span class='ocrx_word' id='word_1_40' title='bbox 194 1056 302 1114; x_wconf 90' lang='lat' dir='ltr'>tatem</span> <span class='ocrx_word' id='word_1_41' title='bbox 317 1039 369 1111; x_wconf 94' lang='lat' dir='ltr'>illi</span> <span class='ocrx_word' id='word_1_42' title='bbox 385 1054 646 1129; x_wconf 83' lang='lat' dir='ltr'>reseraverunt,</span> <span class='ocrx_word' id='word_1_43' title='bbox 661 1057 770 1141; x_wconf 90' lang='lat' dir='ltr'>atque</span> <span class='ocrx_word' id='word_1_44' title='bbox 784 1054 825 1112; x_wconf 91' lang='lat' dir='ltr'>ut</span> <span class='ocrx_word' id='word_1_45' title='bbox 840 1040 1029 1139; x_wconf 91' lang='lat' dir='ltr'>principali</span> <span class='ocrx_word' id='word_1_46' title='bbox 1043 1043 1258 1118; x_wconf 85' lang='lat' dir='ltr'>auctoritate</span> 
     </span>
     <span class='ocr_line' id='line_1_8' title="bbox 189 1153 1257 1256; baseline 0.003 -26"><span class='ocrx_word' id='word_1_47' title='bbox 189 1157 236 1230; x_wconf 90' lang='lat' dir='ltr'>ad</span> <span class='ocrx_word' id='word_1_48' title='bbox 256 1182 346 1255; x_wconf 87' lang='lat' dir='ltr'>opus</span> <span class='ocrx_word' id='word_1_49' title='bbox 367 1153 508 1229; x_wconf 87' lang='lat' dir='ltr'>salubre</span> <span class='ocrx_word' id='word_1_50' title='bbox 530 1153 597 1227; x_wconf 88' lang='lat' dir='ltr'>sibi</span> <span class='ocrx_word' id='word_1_51' title='bbox 621 1155 853 1230; x_wconf 85' lang='lat' dir='ltr'>auxiliaretur</span> <span class='ocrx_word' id='word_1_52' title='bbox 873 1156 1158 1256; x_wconf 81' lang='lat' dir='ltr'>postulaverunt.</span> <span class='ocrx_word' id='word_1_53' title='bbox 1184 1159 1257 1233; x_wconf 85' lang='lat' dir='ltr'>Lo-</span> 
     </span>
     <span class='ocr_line' id='line_1_9' title="bbox 192 1274 1256 1373; baseline 0.002 -26"><span class='ocrx_word' id='word_1_54' title='bbox 192 1300 276 1347; x_wconf 88' lang='lat' dir='ltr'>cum</span> <span class='ocrx_word' id='word_1_55' title='bbox 296 1274 404 1347; x_wconf 86' lang='lat' dir='ltr'>etiam</span> <span class='ocrx_word' id='word_1_56' title='bbox 425 1299 518 1373; x_wconf 84' lang='lat' dir='ltr'>saepe</span> <span class='ocrx_word' id='word_1_57' title='bbox 537 1274 768 1347; x_wconf 91' lang='lat' dir='ltr'>nominatum</span> <span class='ocrx_word' id='word_1_58' title='bbox 793 1276 979 1348; x_wconf 90' lang='lat' dir='ltr'>communi</span> <span class='ocrx_word' id='word_1_59' title='bbox 1007 1299 1183 1348; x_wconf 87' lang='lat' dir='ltr'>consensu</span> <span class='ocrx_word' id='word_1_60' title='bbox 1207 1275 1256 1349; x_wconf 90' lang='lat' dir='ltr'>ita</span> 
     </span>
     <span class='ocr_line' id='line_1_10' title="bbox 192 1385 1257 1487; baseline 0 -27"><span class='ocrx_word' id='word_1_61' title='bbox 192 1388 349 1462; x_wconf 89' lang='lat' dir='ltr'>liberum</span> <span class='ocrx_word' id='word_1_62' title='bbox 365 1385 593 1460; x_wconf 89' lang='lat' dir='ltr'>tradiderunt</span> <span class='ocrx_word' id='word_1_63' title='bbox 608 1391 682 1487; x_wconf 88' lang='lat' dir='ltr'>ejus</span> <span class='ocrx_word' id='word_1_64' title='bbox 698 1389 841 1475; x_wconf 89' lang='lat' dir='ltr'>tutelae,</span> <span class='ocrx_word' id='word_1_65' title='bbox 857 1404 900 1460; x_wconf 89' lang='lat' dir='ltr'>ut</span> <span class='ocrx_word' id='word_1_66' title='bbox 913 1414 980 1462; x_wconf 89' lang='lat' dir='ltr'>nec</span> <span class='ocrx_word' id='word_1_67' title='bbox 994 1388 1083 1475; x_wconf 86' lang='lat' dir='ltr'>sibi,</span> <span class='ocrx_word' id='word_1_68' title='bbox 1099 1415 1166 1462; x_wconf 87' lang='lat' dir='ltr'>nec</span> <span class='ocrx_word' id='word_1_69' title='bbox 1179 1389 1257 1461; x_wconf 91' lang='lat' dir='ltr'>aliis</span> 
     </span>
     <span class='ocr_line' id='line_1_11' title="bbox 191 1502 1254 1606; baseline 0 -29"><span class='ocrx_word' id='word_1_70' title='bbox 191 1503 414 1606; x_wconf 83' lang='lat' dir='ltr'>quibuslibet</span> <span class='ocrx_word' id='word_1_71' title='bbox 445 1502 600 1604; x_wconf 86' lang='lat' dir='ltr'>aliquam</span> <span class='ocrx_word' id='word_1_72' title='bbox 630 1505 927 1579; x_wconf 88' lang='lat' dir='ltr'>consuetudinem</span> <span class='ocrx_word' id='word_1_73' title='bbox 955 1533 1017 1579; x_wconf 92' lang='lat' dir='ltr'>seu</span> <span class='ocrx_word' id='word_1_74' title='bbox 1049 1505 1254 1595; x_wconf 87' lang='lat' dir='ltr'>redditum,</span> 
     </span>
     <span class='ocr_line' id='line_1_12' title="bbox 192 1619 1259 1720; baseline 0 -28"><span class='ocrx_word' id='word_1_75' title='bbox 192 1636 326 1720; x_wconf 85' lang='lat' dir='ltr'>praeter</span> <span class='ocrx_word' id='word_1_76' title='bbox 340 1619 512 1692; x_wconf 89' lang='lat' dir='ltr'>beneficia</span> <span class='ocrx_word' id='word_1_77' title='bbox 528 1622 754 1712; x_wconf 91' lang='lat' dir='ltr'>orationum,</span> <span class='ocrx_word' id='word_1_78' title='bbox 770 1619 958 1718; x_wconf 90' lang='lat' dir='ltr'>aliquando</span> <span class='ocrx_word' id='word_1_79' title='bbox 976 1649 995 1693; x_wconf 92' lang='lat' dir='ltr'>a</span> <span class='ocrx_word' id='word_1_80' title='bbox 1010 1619 1195 1694; x_wconf 90' lang='lat' dir='ltr'>monacbis</span> <span class='ocrx_word' id='word_1_81' title='bbox 1208 1621 1259 1693; x_wconf 89' lang='lat' dir='ltr'>li·-</span> 
     </span>
     <span class='ocr_line' id='line_1_13' title="bbox 195 1736 1258 1840; baseline -0.001 -29"><span class='ocrx_word' id='word_1_82' title='bbox 195 1754 312 1828; x_wconf 89' lang='lat' dir='ltr'>ceret,</span> <span class='ocrx_word' id='word_1_83' title='bbox 325 1738 382 1811; x_wconf 83' lang='lat' dir='ltr'>vel</span> <span class='ocrx_word' id='word_1_84' title='bbox 393 1736 601 1810; x_wconf 91' lang='lat' dir='ltr'>hominibus</span> <span class='ocrx_word' id='word_1_85' title='bbox 614 1765 741 1812; x_wconf 89' lang='lat' dir='ltr'>eorum</span> <span class='ocrx_word' id='word_1_86' title='bbox 753 1742 906 1840; x_wconf 83' lang='lat' dir='ltr'>exigere.</span> <span class='ocrx_word' id='word_1_87' title='bbox 922 1741 1006 1811; x_wconf 82' lang='lat' dir='ltr'>Dux</span> <span class='ocrx_word' id='word_1_88' title='bbox 1020 1754 1141 1812; x_wconf 87' lang='lat' dir='ltr'>autem</span> <span class='ocrx_word' id='word_1_89' title='bbox 1151 1736 1258 1812; x_wconf 86' lang='lat' dir='ltr'>bonae</span> 
     </span>
     <span class='ocr_line' id='line_1_14' title="bbox 194 1855 1257 1956; baseline -0.001 -28"><span class='ocrx_word' id='word_1_90' title='bbox 194 1855 514 1929; x_wconf 87' lang='lat' dir='ltr'>voluntatieorum</span> <span class='ocrx_word' id='word_1_91' title='bbox 531 1870 713 1956; x_wconf 83' lang='lat' dir='ltr'>gratanter</span> <span class='ocrx_word' id='word_1_92' title='bbox 729 1855 930 1956; x_wconf 85' lang='lat' dir='ltr'>adquievit,</span> <span class='ocrx_word' id='word_1_93' title='bbox 948 1872 985 1928; x_wconf 89' lang='lat' dir='ltr'>et</span> <span class='ocrx_word' id='word_1_94' title='bbox 1001 1871 1257 1928; x_wconf 90' lang='lat' dir='ltr'>testamentum</span> 
     </span>
     <span class='ocr_line' id='line_1_15' title="bbox 192 1955 1257 2072; baseline -0.001 -26"><span class='ocrx_word' id='word_1_95' title='bbox 192 1970 237 2046; x_wconf 89' lang='lat' dir='ltr'>de</span> <span class='ocrx_word' id='word_1_96' title='bbox 258 1970 385 2061; x_wconf 85' lang='lat' dir='ltr'>rebus,</span> <span class='ocrx_word' id='word_1_97' title='bbox 399 1955 486 2072; x_wconf 83' lang='lat' dir='ltr'>quas</span> <span class='ocrx_word' id='word_1_98' title='bbox 510 1974 701 2071; x_wconf 88' lang='lat' dir='ltr'>optimates</span> <span class='ocrx_word' id='word_1_99' title='bbox 719 1975 772 2048; x_wconf 92' lang='lat' dir='ltr'>sui</span> <span class='ocrx_word' id='word_1_100' title='bbox 790 1990 914 2048; x_wconf 88' lang='lat' dir='ltr'>sancto</span> <span class='ocrx_word' id='word_1_101' title='bbox 937 1972 1090 2046; x_wconf 84' lang='lat' dir='ltr'>Ebrulfo</span> <span class='ocrx_word' id='word_1_102' title='bbox 1109 1972 1257 2059; x_wconf 89' lang='lat' dir='ltr'>dabant,</span> 
     </span>
     <span class='ocr_line' id='line_1_16' title="bbox 194 2087 1256 2190; baseline 0 -30"><span class='ocrx_word' id='word_1_103' title='bbox 194 2087 443 2178; x_wconf 89' lang='lat' dir='ltr'>confirmavit,</span> <span class='ocrx_word' id='word_1_104' title='bbox 464 2101 500 2162; x_wconf 90' lang='lat' dir='ltr'>et</span> <span class='ocrx_word' id='word_1_105' title='bbox 516 2087 687 2189; x_wconf 82' lang='lat' dir='ltr'>Malgerio</span> <span class='ocrx_word' id='word_1_106' title='bbox 701 2090 955 2190; x_wconf 88' lang='lat' dir='ltr'>Rotomagensi</span> <span class='ocrx_word' id='word_1_107' title='bbox 972 2087 1256 2186; x_wconf 84' lang='lat' dir='ltr'>archiepiscopo,</span> 
     </span>
     <span class='ocr_line' id='line_1_17' title="bbox 194 2204 1260 2306; baseline -0.001 -27"><span class='ocrx_word' id='word_1_108' title='bbox 194 2204 496 2305; x_wconf 84' lang='lat' dir='ltr'>suffraganeisque</span> <span class='ocrx_word' id='word_1_109' title='bbox 513 2207 688 2306; x_wconf 90' lang='lat' dir='ltr'>episcopis</span> <span class='ocrx_word' id='word_1_110' title='bbox 700 2206 1027 2306; x_wconf 89' lang='lat' dir='ltr'>subscriptionibus</span> <span class='ocrx_word' id='word_1_111' title='bbox 1041 2207 1114 2277; x_wconf 92' lang='lat' dir='ltr'>suis</span> <span class='ocrx_word' id='word_1_112' title='bbox 1132 2231 1260 2278; x_wconf 89' lang='lat' dir='ltr'>corro-</span> 
     </span>
     <span class='ocr_line' id='line_1_18' title="bbox 192 2321 1260 2425; baseline -0.001 -30"><span class='ocrx_word' id='word_1_113' title='bbox 192 2321 397 2397; x_wconf 90' lang='lat' dir='ltr'>borandum</span> <span class='ocrx_word' id='word_1_114' title='bbox 409 2322 568 2395; x_wconf 90' lang='lat' dir='ltr'>tradidit.</span> <span class='ocrx_word' id='word_1_115' title='bbox 585 2325 721 2397; x_wconf 88' lang='lat' dir='ltr'>Deinde</span> <span class='ocrx_word' id='word_1_116' title='bbox 739 2329 843 2425; x_wconf 82' lang='lat' dir='ltr'>Hugo</span> <span class='ocrx_word' id='word_1_117' title='bbox 857 2343 892 2399; x_wconf 93' lang='lat' dir='ltr'>et</span> <span class='ocrx_word' id='word_1_118' title='bbox 905 2324 1119 2410; x_wconf 89' lang='lat' dir='ltr'>Rotbertus,</span> <span class='ocrx_word' id='word_1_119' title='bbox 1138 2351 1159 2394; x_wconf 89' lang='lat' dir='ltr'>a</span> <span class='ocrx_word' id='word_1_120' title='bbox 1171 2323 1260 2395; x_wconf 90' lang='lat' dir='ltr'>duce</span> 
     </span>
     <span class='ocr_line' id='line_1_19' title="bbox 195 2437 1261 2538; baseline -0.002 -25"><span class='ocrx_word' id='word_1_121' title='bbox 195 2455 338 2538; x_wconf 89' lang='lat' dir='ltr'>accepta</span> <span class='ocrx_word' id='word_1_122' title='bbox 351 2437 494 2510; x_wconf 91' lang='lat' dir='ltr'>licentia</span> <span class='ocrx_word' id='word_1_123' title='bbox 508 2439 660 2537; x_wconf 85' lang='lat' dir='ltr'>eligendi</span> <span class='ocrx_word' id='word_1_124' title='bbox 675 2440 854 2528; x_wconf 86' lang='lat' dir='ltr'>abbatem,</span> <span class='ocrx_word' id='word_1_125' title='bbox 871 2442 1134 2514; x_wconf 88' lang='lat' dir='ltr'>Gemmeticum</span> <span class='ocrx_word' id='word_1_126' title='bbox 1148 2465 1261 2538; x_wconf 85' lang='lat' dir='ltr'>expe-</span> 
     </span>
     <span class='ocr_line' id='line_1_20' title="bbox 197 2553 1261 2656; baseline 0 -29"><span class='ocrx_word' id='word_1_127' title='bbox 197 2556 349 2640; x_wconf 87' lang='lat' dir='ltr'>tierunt,</span> <span class='ocrx_word' id='word_1_128' title='bbox 363 2568 399 2626; x_wconf 91' lang='lat' dir='ltr'>et</span> <span class='ocrx_word' id='word_1_129' title='bbox 416 2580 435 2624; x_wconf 89' lang='lat' dir='ltr'>a</span> <span class='ocrx_word' id='word_1_130' title='bbox 447 2553 585 2627; x_wconf 91' lang='lat' dir='ltr'>domno</span> <span class='ocrx_word' id='word_1_131' title='bbox 599 2554 778 2632; x_wconf 87' lang='lat' dir='ltr'>Rotberto</span> <span class='ocrx_word' id='word_1_132' title='bbox 792 2557 948 2656; x_wconf 90' lang='lat' dir='ltr'>ejusdem</span> <span class='ocrx_word' id='word_1_133' title='bbox 961 2557 1118 2630; x_wconf 71' lang='lat' dir='ltr'>ecclesiae</span> <span class='ocrx_word' id='word_1_134' title='bbox 1133 2553 1261 2628; x_wconf 89' lang='lat' dir='ltr'>abbate</span> 
     </span>
     <span class='ocr_line' id='line_1_21' title="bbox 198 2661 1260 2773; baseline 0.003 -32"><span class='ocrx_word' id='word_1_135' title='bbox 198 2661 436 2744; x_wconf 83' lang='lat' dir='ltr'>Teodericum</span> <span class='ocrx_word' id='word_1_136' title='bbox 460 2671 679 2745; x_wconf 90' lang='lat' dir='ltr'>monachum</span> <span class='ocrx_word' id='word_1_137' title='bbox 699 2675 755 2772; x_wconf 82' lang='lat' dir='ltr'>(a)</span> <span class='ocrx_word' id='word_1_138' title='bbox 779 2674 821 2747; x_wconf 91' lang='lat' dir='ltr'>ad</span> <span class='ocrx_word' id='word_1_139' title='bbox 838 2674 990 2748; x_wconf 86' lang='lat' dir='ltr'>abbatiae</span> <span class='ocrx_word' id='word_1_140' title='bbox 1008 2701 1080 2746; x_wconf 88' lang='lat' dir='ltr'>suae</span> <span class='ocrx_word' id='word_1_141' title='bbox 1100 2674 1260 2773; x_wconf 83' lang='lat' dir='ltr'>regimen</span> 
     </span>
     <span class='ocr_line' id='line_1_22' title="bbox 199 2784 1263 2889; baseline 0.002 -33"><span class='ocrx_word' id='word_1_142' title='bbox 199 2786 453 2885; x_wconf 90' lang='lat' dir='ltr'>requisierunt.</span> <span class='ocrx_word' id='word_1_143' title='bbox 472 2784 592 2859; x_wconf 87' lang='lat' dir='ltr'>Abbas</span> <span class='ocrx_word' id='word_1_144' title='bbox 604 2814 690 2862; x_wconf 80' lang='lat' dir='ltr'>vero</span> <span class='ocrx_word' id='word_1_145' title='bbox 701 2797 808 2888; x_wconf 86' lang='lat' dir='ltr'>justae</span> <span class='ocrx_word' id='word_1_146' title='bbox 820 2790 989 2889; x_wconf 89' lang='lat' dir='ltr'>petitioni</span> <span class='ocrx_word' id='word_1_147' title='bbox 1007 2787 1187 2862; x_wconf 90' lang='lat' dir='ltr'>nobilium</span> <span class='ocrx_word' id='word_1_148' title='bbox 1203 2788 1263 2858; x_wconf 84' lang='lat' dir='ltr'>vi-</span> 
     </span>
     <span class='ocr_line' id='line_1_23' title="bbox 199 2899 1263 3008; baseline 0.003 -34"><span class='ocrx_word' id='word_1_149' title='bbox 199 2928 327 2975; x_wconf 89' lang='lat' dir='ltr'>rorum</span> <span class='ocrx_word' id='word_1_150' title='bbox 343 2899 499 2974; x_wconf 88' lang='lat' dir='ltr'>libenter</span> <span class='ocrx_word' id='word_1_151' title='bbox 512 2903 601 2975; x_wconf 82' lang='lat' dir='ltr'>favit</span> <span class='ocrx_word' id='word_1_152' title='bbox 611 2959 622 2992; x_wconf 94' lang='lat'>,</span> <span class='ocrx_word' id='word_1_153' title='bbox 644 2921 680 2977; x_wconf 90' lang='lat' dir='ltr'>et</span> <span class='ocrx_word' id='word_1_154' title='bbox 697 2906 934 2995; x_wconf 89' lang='lat' dir='ltr'>monachum,</span> <span class='ocrx_word' id='word_1_155' title='bbox 953 2933 1061 3008; x_wconf 88' lang='lat' dir='ltr'>quem</span> <span class='ocrx_word' id='word_1_156' title='bbox 1078 2904 1121 2978; x_wconf 92' lang='lat' dir='ltr'>ad</span> <span class='ocrx_word' id='word_1_157' title='bbox 1137 2919 1263 3003; x_wconf 88' lang='lat' dir='ltr'>pasto-</span> 
     </span>
     <span class='ocr_line' id='line_1_24' title="bbox 199 3017 1263 3115; baseline 0 -25"><span class='ocrx_word' id='word_1_158' title='bbox 199 3017 311 3090; x_wconf 91' lang='lat' dir='ltr'>ralem</span> <span class='ocrx_word' id='word_1_159' title='bbox 341 3044 464 3089; x_wconf 91' lang='lat' dir='ltr'>curam</span> <span class='ocrx_word' id='word_1_160' title='bbox 496 3018 666 3093; x_wconf 89' lang='lat' dir='ltr'>idoneum</span> <span class='ocrx_word' id='word_1_161' title='bbox 693 3040 865 3115; x_wconf 85' lang='lat' dir='ltr'>noverat,</span> <span class='ocrx_word' id='word_1_162' title='bbox 894 3023 963 3093; x_wconf 92' lang='lat' dir='ltr'>illis</span> <span class='ocrx_word' id='word_1_163' title='bbox 992 3020 1178 3094; x_wconf 86' lang='lat' dir='ltr'>concessit.</span> <span class='ocrx_word' id='word_1_164' title='bbox 1207 3019 1263 3091; x_wconf 93' lang='lat' dir='ltr'>llli</span> 
     </span>
     <span class='ocr_line' id='line_1_25' title="bbox 200 3132 1264 3238; baseline -0.001 -32"><span class='ocrx_word' id='word_1_165' title='bbox 200 3149 321 3206; x_wconf 90' lang='lat' dir='ltr'>autem</span> <span class='ocrx_word' id='word_1_166' title='bbox 344 3132 535 3231; x_wconf 78' lang='lat' dir='ltr'>gaudentes</span> <span class='ocrx_word' id='word_1_167' title='bbox 566 3163 648 3209; x_wconf 90' lang='lat' dir='ltr'>eum</span> <span class='ocrx_word' id='word_1_168' title='bbox 676 3137 757 3210; x_wconf 91' lang='lat' dir='ltr'>duci</span> <span class='ocrx_word' id='word_1_169' title='bbox 784 3149 1103 3238; x_wconf 81' lang='lat' dir='ltr'>praesentaverunt.</span> <span class='ocrx_word' id='word_1_170' title='bbox 1129 3134 1178 3206; x_wconf 83' lang='lat' dir='ltr'>At</span> <span class='ocrx_word' id='word_1_171' title='bbox 1205 3134 1264 3206; x_wconf 93' lang='lat' dir='ltr'>ille</span> 
     </span>
     <span class='ocr_line' id='line_1_26' title="bbox 200 3249 1264 3352; baseline -0.001 -30"><span class='ocrx_word' id='word_1_172' title='bbox 200 3250 430 3323; x_wconf 84' lang='lat' dir='ltr'>veneratione</span> <span class='ocrx_word' id='word_1_173' title='bbox 454 3276 613 3351; x_wconf 82' lang='lat' dir='ltr'>congrua</span> <span class='ocrx_word' id='word_1_174' title='bbox 642 3280 724 3326; x_wconf 90' lang='lat' dir='ltr'>eum</span> <span class='ocrx_word' id='word_1_175' title='bbox 754 3256 927 3352; x_wconf 89' lang='lat' dir='ltr'>suscepit,</span> <span class='ocrx_word' id='word_1_176' title='bbox 958 3252 1111 3350; x_wconf 86' lang='lat' dir='ltr'>datoque</span> <span class='ocrx_word' id='word_1_177' title='bbox 1137 3249 1264 3321; x_wconf 93' lang='lat' dir='ltr'>baculo</span> 
     </span>
     <span class='ocr_line' id='line_1_27' title="bbox 201 3365 1263 3468; baseline -0.004 -28"><span class='ocrx_word' id='word_1_178' title='bbox 201 3366 393 3468; x_wconf 89' lang='lat' dir='ltr'>pastorali,</span> <span class='ocrx_word' id='word_1_179' title='bbox 412 3368 504 3439; x_wconf 88' lang='lat' dir='ltr'>sicut</span> <span class='ocrx_word' id='word_1_180' title='bbox 520 3372 632 3443; x_wconf 88' lang='lat' dir='ltr'>moris</span> <span class='ocrx_word' id='word_1_181' title='bbox 649 3387 720 3462; x_wconf 87' lang='lat' dir='ltr'>est,</span> <span class='ocrx_word' id='word_1_182' title='bbox 738 3371 893 3443; x_wconf 80' lang='lat' dir='ltr'>ecclesiae</span> <span class='ocrx_word' id='word_1_183' title='bbox 909 3367 1068 3441; x_wconf 88' lang='lat' dir='ltr'>Uticensi</span> <span class='ocrx_word' id='word_1_184' title='bbox 1086 3365 1263 3466; x_wconf 86' lang='lat' dir='ltr'>praefecit.</span> 
     </span>
     <span class='ocr_line' id='line_1_28' title="bbox 202 3480 1265 3587; baseline -0.005 -31"><span class='ocrx_word' id='word_1_185' title='bbox 202 3485 338 3558; x_wconf 89' lang='lat' dir='ltr'>Deinde</span> <span class='ocrx_word' id='word_1_186' title='bbox 352 3485 584 3558; x_wconf 79' lang='lat' dir='ltr'>Luxoviensis</span> <span class='ocrx_word' id='word_1_187' title='bbox 599 3489 785 3587; x_wconf 90' lang='lat' dir='ltr'>episcopus</span> <span class='ocrx_word' id='word_1_188' title='bbox 799 3489 903 3587; x_wconf 82' lang='lat' dir='ltr'>Hugo</span> <span class='ocrx_word' id='word_1_189' title='bbox 916 3486 989 3582; x_wconf 79' lang='lat'>(3),</span> <span class='ocrx_word' id='word_1_190' title='bbox 1005 3509 1087 3554; x_wconf 92' lang='lat' dir='ltr'>cum</span> <span class='ocrx_word' id='word_1_191' title='bbox 1102 3480 1265 3554; x_wconf 88' lang='lat' dir='ltr'>Osberno</span> 
     </span>
    </p>
   </div>
   <div class='ocr_carea' id='block_1_3' title="bbox 207 3735 1269 4063">
    <p class='ocr_par' dir='ltr' id='par_1_3' title="bbox 208 3735 1266 3899">
     <span class='ocr_line' id='line_1_29' title="bbox 242 3735 1266 3809; baseline -0.003 -18"><span class='ocrx_word' id='word_1_192' title='bbox 242 3741 280 3809; x_wconf 88' lang='lat' dir='ltr'>(t)</span> <span class='ocrx_word' id='word_1_193' title='bbox 301 3738 461 3795; x_wconf 88' lang='lat' dir='ltr'>Guillaume</span> <span class='ocrx_word' id='word_1_194' title='bbox 487 3743 555 3795; x_wconf 76' lang='lat' dir='ltr'>dtait</span> <span class='ocrx_word' id='word_1_195' title='bbox 575 3742 601 3797; x_wconf 87' lang='lat' dir='ltr'>le</span> <span class='ocrx_word' id='word_1_196' title='bbox 623 3742 725 3796; x_wconf 85' lang='lat' dir='ltr'>second</span> <span class='ocrx_word' id='word_1_197' title='bbox 746 3742 794 3795; x_wconf 83' lang='lat' dir='ltr'>des</span> <span class='ocrx_word' id='word_1_198' title='bbox 818 3743 904 3794; x_wconf 71' lang='lat' dir='ltr'>freres</span> <span class='ocrx_word' id='word_1_199' title='bbox 927 3740 1040 3806; x_wconf 90' lang='lat' dir='ltr'>Giroie‚</span> <span class='ocrx_word' id='word_1_200' title='bbox 1064 3749 1092 3793; x_wconf 90' lang='lat' dir='ltr'>et</span> <span class='ocrx_word' id='word_1_201' title='bbox 1111 3736 1218 3792; x_wconf 84' lang='lat' dir='ltr'>llobert</span> <span class='ocrx_word' id='word_1_202' title='bbox 1240 3735 1266 3788; x_wconf 92' lang='lat' dir='ltr'>le</span> 
     </span>
     <span class='ocr_line' id='line_1_30' title="bbox 208 3829 976 3899; baseline 0.003 -21"><span class='ocrx_word' id='word_1_203' title='bbox 208 3829 378 3899; x_wconf 66' lang='lat' dir='ltr'>quandum,</span> <span class='ocrx_word' id='word_1_204' title='bbox 395 3847 503 3881; x_wconf 88' lang='lat' dir='ltr'>commo</span> <span class='ocrx_word' id='word_1_205' title='bbox 514 3847 583 3883; x_wconf 90' lang='lat' dir='ltr'>nous</span> <span class='ocrx_word' id='word_1_206' title='bbox 594 3830 619 3884; x_wconf 90' lang='lat' dir='ltr'>lc</span> <span class='ocrx_word' id='word_1_207' title='bbox 633 3849 744 3884; x_wconf 78' lang='lat' dir='ltr'>verrens</span> <span class='ocrx_word' id='word_1_208' title='bbox 758 3831 976 3884; x_wconf 80' lang='lat' dir='ltr'>incessamnreut.</span> 
     </span>
    </p>

    <p class='ocr_par' dir='ltr' id='par_1_4' title="bbox 207 3915 1269 4063">
     <span class='ocr_line' id='line_1_31' title="bbox 241 3915 1269 3988; baseline -0.006 -19"><span class='ocrx_word' id='word_1_209' title='bbox 241 3919 279 3987; x_wconf 84' lang='lat' dir='ltr'>(a)</span> <span class='ocrx_word' id='word_1_210' title='bbox 302 3918 415 3972; x_wconf 89' lang='lat' dir='ltr'>Thicrri</span> <span class='ocrx_word' id='word_1_211' title='bbox 438 3917 473 3971; x_wconf 90' lang='lat' dir='ltr'>de</span> <span class='ocrx_word' id='word_1_212' title='bbox 495 3919 669 3988; x_wconf 80' lang='lat' dir='ltr'>lllatonville,</span> <span class='ocrx_word' id='word_1_213' title='bbox 691 3924 726 3975; x_wconf 69' lang='lat' dir='ltr'>uc&#39;»</span> <span class='ocrx_word' id='word_1_214' title='bbox 736 3920 804 3974; x_wconf 89' lang='lat' dir='ltr'>dans</span> <span class='ocrx_word' id='word_1_215' title='bbox 817 3920 842 3973; x_wconf 94' lang='lat' dir='ltr'>la</span> <span class='ocrx_word' id='word_1_216' title='bbox 861 3936 1007 3972; x_wconf 86' lang='lat' dir='ltr'>commune</span> <span class='ocrx_word' id='word_1_217' title='bbox 1019 3915 1054 3970; x_wconf 89' lang='lat' dir='ltr'>dc</span> <span class='ocrx_word' id='word_1_218' title='bbox 1068 3934 1098 3969; x_wconf 86' lang='lat' dir='ltr'>cr.</span> <span class='ocrx_word' id='word_1_219' title='bbox 1113 3930 1176 3966; x_wconf 91' lang='lat' dir='ltr'>nom</span> <span class='ocrx_word' id='word_1_220' title='bbox 1190 3921 1269 3965; x_wconf 83' lang='lat' dir='ltr'>entre</span> 
     </span>
     <span class='ocr_line' id='line_1_32' title="bbox 207 4006 531 4063; baseline 0.012 -5"><span class='ocrx_word' id='word_1_221' title='bbox 207 4006 305 4061; x_wconf 82' lang='lat' dir='ltr'>llouen</span> <span class='ocrx_word' id='word_1_222' title='bbox 319 4019 348 4061; x_wconf 87' lang='lat' dir='ltr'>et</span> <span class='ocrx_word' id='word_1_223' title='bbox 357 4008 531 4063; x_wconf 71' lang='lat' dir='ltr'>Neusctnret.</span> 
     </span>
    </p>
   </div>
   <div class='ocr_carea' id='block_1_4' title="bbox 238 4062 1258 4175">
    <p class='ocr_par' dir='ltr' id='par_1_5' title="bbox 238 4062 1258 4175">
     <span class='ocr_line' id='line_1_33' title="bbox 238 4062 1258 4175; baseline -0.012 -21"><span class='ocrx_word' id='word_1_224' title='bbox 238 4094 276 4167; x_wconf 82' lang='lat'>(3)</span> <span class='ocrx_word' id='word_1_225' title='bbox 290 4099 405 4172; x_wconf 83' lang='lat' dir='ltr'>Hugurs</span> <span class='ocrx_word' id='word_1_226' title='bbox 417 4101 496 4167; x_wconf 60' lang='lat' dir='ltr'>dtu,</span> <span class='ocrx_word' id='word_1_227' title='bbox 511 4101 613 4173; x_wconf 73' lang='lat' dir='ltr'>cchuc</span> <span class='ocrx_word' id='word_1_228' title='bbox 624 4101 658 4155; x_wconf 89' lang='lat' dir='ltr'>dc</span> <span class='ocrx_word' id='word_1_229' title='bbox 670 4103 784 4168; x_wconf 81' lang='lat' dir='ltr'>Lisieux‚</span> <span class='ocrx_word' id='word_1_230' title='bbox 799 4101 895 4175; x_wconf 82' lang='lat' dir='ltr'>depuis</span> <span class='ocrx_word' id='word_1_231' title='bbox 912 4097 1114 4173; x_wconf 69' lang='lat' dir='ltr'>rolpjusqu’au</span> <span class='ocrx_word' id='word_1_232' title='bbox 1130 4062 1258 4166; x_wconf 78' lang='lat' dir='ltr'>17juillet</span> 
     </span>
    </p>
   </div>
   <div class='ocr_carea' id='block_1_5' title="bbox 0 0 1475 4980">
    <p class='ocr_par' dir='ltr' id='par_1_6' title="bbox 0 0 1475 4980">
     <span class='ocr_line' id='line_1_34' title="bbox 0 0 1475 4980; baseline 0 0"><span class='ocrx_word' id='word_1_233' title='bbox 0 0 1475 4980; x_wconf 95' lang='lat' dir='ltr'> </span> 
     </span>
    </p>
   </div>
  </div>
 </body>
</html>
