2910 4980
191 467 282 542 [cna
306 466 397 543 aoso]
560 464 874 527 mammenus.
1210 468 1250 528 aa

192 585 333 685 Rupem
358 584 564 684 lalgieusem
592 587 649 683 (1)
683 583 829 659 sortiter
857 583 1033 674 munivit,
1062 598 1100 658 et
1122 601 1250 658 contra

189 699 318 775 ducem
351 727 434 773 cum
462 700 709 777 Normannico
738 702 897 775 exercitu
928 698 1153 775 obsidentem
1181 700 1252 772 ali-

191 815 351 918 quandiu
369 817 499 891 tenuit.
519 818 587 892 Sed
606 819 689 918 quia
706 819 912 892 mortalium
931 817 1045 895 robur
1062 817 1167 891 labile
1181 831 1248 905 est,

191 931 383 1033 subitoque
399 958 465 1006 ceu
478 931 545 1007 llos
561 931 653 1006 foeni
671 951 826 1021 marcet,
853 933 1022 1033 praefatus
1046 933 1150 1007 beros
1170 948 1264 1032 post,

190 1048 397 1122 innumeras
411 1047 627 1149 probitates,
649 1049 737 1123 dum
753 1049 796 1123 ad
821 1052 939 1151 ignem
958 1051 995 1123 in
1013 1049 1131 1125 hieme
1148 1050 1251 1123 laetus

189 1167 346 1254 saleru,
374 1170 634 1269 conjugemque
662 1196 761 1241 suam
786 1169 989 1243 Adelaidem
1020 1170 1128 1269 (quae
1151 1167 1253 1240 ducis

190 1281 407 1359 consobrina
420 1287 518 1382 erat)
532 1299 689 1386 quatuor
706 1286 795 1358 mala
813 1312 922 1358 manu
938 1302 1075 1385 gestare
1088 1282 1226 1356 videret
1240 1337 1250 1370 ,

190 1397 263 1472 dno
278 1423 326 1472 ex
340 1398 410 1471 illis
426 1397 651 1473 familiariter
661 1398 820 1500 jocando
836 1401 866 1475 ei
886 1402 1025 1501 rapuit,
1041 1415 1077 1473 et
1092 1399 1254 1472 nesciens

190 1516 291 1615 quod
309 1532 482 1590 venenata
504 1535 629 1608 erant,
655 1543 769 1594 uxore
790 1518 1057 1593 contradicente
1082 1513 1252 1590 comedit.

192 1630 263 1725 Qui
275 1657 364 1705 mox
373 1659 514 1707 veneno
528 1635 681 1708 infectus
695 1651 761 1724 est,
777 1653 813 1708 et
824 1650 907 1734 post
919 1660 943 1708 v
954 1634 1029 1708 dies
1042 1660 1125 1706 cum
1137 1631 1256 1704 multo

192 1771 510 1822 moeroresnorum
521 1766 607 1824 v111⁰
622 1748 699 1822 idus
712 1747 883 1824 februarii
894 1747 1083 1823 defunctus
1096 1764 1161 1822 est.
1173 1747 1258 1840 Quo

190 1881 359 1952 mortuo,
390 1866 565 1940 Ernaldns
586 1868 770 1942 Willermi
796 1867 965 1941 Geroiani
993 1866 1087 1938 lilius
1110 1866 1148 1938 in
1174 1865 1257 1938 loco

191 1984 312 2081 patrui
338 1984 391 2055 sui
415 1984 591 2074 surrexit,
619 1984 817 2084 oppidanos
844 1981 1009 2083 precibus
1036 1981 1258 2081 monitisque

191 2097 468 2187 corroboravit,
493 2099 649 2199 ducique
664 2100 817 2172 viriliter
840 2100 1003 2172 resistere
1023 2124 1092 2196 pro
1107 2112 1256 2196 paterna

192 2213 401 2289 baereditate
434 2217 635 2315 imperavit.
670 2216 780 2312 Cujus
812 2216 1078 2290 animositatem
1110 2211 1260 2284 callidus

192 2331 264 2405 dux
288 2330 429 2405 blandis
451 2331 654 2408 hortatibus
675 2333 824 2422 lenivit,
847 2358 1042 2432 pacemque
1061 2356 1182 2404 secum
1200 2328 1258 2402 fa-

192 2473 274 2520 cere
289 2472 371 2519 cum
388 2445 552 2544 pluribus
567 2448 751 2548 promissis
766 2449 953 2547 persuasit.
970 2447 1020 2519 Aa
1034 2446 1094 2520 ille
1106 2443 1258 2520 consilio

192 2563 239 2637 ab
262 2565 386 2637 amicis
411 2583 557 2664 accepto
581 2567 663 2638 duci
689 2567 895 2666 adquievit,
920 2567 1025 2666 eique
1051 2564 1259 2638 fidelitatem

192 2678 294 2768 fecit,
310 2697 347 2754 et
362 2680 408 2753 ab
424 2708 468 2756 eo
482 2682 778 2756 Monasteriolum
795 2700 832 2756 ct
848 2681 1068 2756 Escalfoium
1085 2706 1126 2752 ac
1142 2681 1257 2752 Sanc-

195 2813 275 2868 tum
291 2798 521 2884 serenicum,
544 2813 726 2900 totamque
742 2815 884 2899 patrum
901 2824 1049 2871 suorum
1068 2796 1260 2870 haeredita-

194 2931 270 2988 tem
282 2915 432 3014 recepit.
445 2916 581 2990 Deinde
595 2916 798 2990 Rodbertus
812 2915 920 2989 abbas
934 2944 1018 3016 pace
1032 2915 1123 2989 facta
1137 2942 1154 2986 a
1168 2914 1259 2987 duce

194 3032 385 3131 requisivit
404 3047 443 3104 ut
466 3032 632 3105 avunculi
657 3034 710 3105 sui
732 3059 881 3131 corpus,
907 3034 1005 3134 quod
1030 3034 1124 3132 apud
1149 3031 1260 3103 Sauc-

195 3162 276 3219 tum
293 3147 500 3221 Serenicum
516 3146 635 3221 tribus
651 3149 858 3248 septimanis
879 3149 1066 3222 humatum
1077 3152 1257 3247 jacuerat,

195 3263 341 3338 Uticam
363 3265 548 3339 transferri
566 3266 790 3341 concederet.
815 3267 864 3339 At
881 3267 940 3339 ille
963 3265 1102 3339 hostilis
1118 3290 1260 3339 mernor

195 3380 269 3453 odii
284 3381 405 3478 primo
417 3380 622 3480 denegavit,
641 3381 872 3480 postmodum
885 3379 1094 3455 erubescens
1107 3379 1206 3480 quod
1219 3379 1257 3450 in
1298 3444 1303 3453 .

196 3513 384 3573 mortuum
397 3499 551 3586 saeviret,
566 3501 753 3598 concessit.
770 3500 856 3575 Mox
874 3499 1026 3599 impiger
1039 3494 1146 3570 abbas
1161 3495 1259 3570 Rod-

199 3611 289 3687 berti
311 3614 483 3687 Geroiani
506 3613 646 3713 glebam
672 3617 708 3688 in
732 3632 864 3687 trunco
886 3615 1034 3688 Uticam
1055 3614 1257 3702 transtulit,

198 3726 321 3828 ibique
344 3729 382 3801 in
399 3728 554 3804 claustro
578 3730 840 3803 monachorum
858 3729 1058 3804 honorifice
1081 3730 1257 3829 sepelivit.

197 3842 347 3929 Cuncti,
365 3844 427 3944 qui
445 3843 593 3917 aderant
609 3843 835 3918 mirabantur
852 3845 949 3946 quod
966 3845 1088 3918 nullus
1103 3845 1147 3918 de
1171 3870 1259 3918 cor-

199 3986 284 4058 pore
303 3959 419 4034 tribus
430 3965 505 4060 jam
522 3962 727 4061 septimanis
744 3964 896 4037 exanimi
918 3964 1031 4037 loetor
1049 3964 1258 4037 sentiretur.

229 4216 270 4286 (a)
279 4216 631 4287 saint-ceneri-te-Gtroie,
644 4230 673 4276 et
688 4221 723 4275 la
737 4221 832 4279 llocbe
843 4221 921 4294 d'lgo
934 4223 996 4294 pres
1009 4221 1135 4281 Bellene
