2910 4980
191 385 251 445 328
465 375 649 438 HISTORIA
671 371 976 434 Enctffitmlct.

192 498 319 601 populi
333 496 378 571 ad
390 495 526 584 Deum,
546 497 817 594 ingemuerunt,
833 507 869 566 et
885 516 933 565 xx
949 489 1145 590 discipulos
1162 515 1255 579 suos,

191 613 446 689 utTaurinum
453 611 683 710 perimerent,
694 609 977 682 concitaverunt
987 605 1057 700 Qui
1066 606 1259 694 venientes,

155 746 160 755 '
192 732 306 806 avico
319 730 383 804 Dei
402 755 421 801 a
437 728 545 828 longe
561 727 627 799 visi
645 741 682 800 et
697 726 837 826 cogniti
855 740 959 812 sunt3
983 724 1133 824 ipsoque
1146 722 1260 796 canon

192 849 335 949 signum
353 860 477 918 contra
497 843 577 917 illos
591 842 762 931 faciente,
782 840 879 915 illico
891 839 959 914 'fixi
977 853 1170 915 steterunt.
1194 836 1260 913 lllo

193 964 327 1039 iterum
339 960 492 1062 jubente
508 959 618 1034 soluti
637 975 743 1046 sunt,
762 973 798 1032 et
814 956 1000 1057 provoluti
1019 954 1172 1056 pedibus
1188 958 1261 1054 ejus

194 1079 444 1168 crediderunt,
460 1094 496 1152 et
514 1079 552 1150 in
569 1078 719 1152 nomine
735 1093 867 1150 sauctae
877 1091 915 1151 et
927 1073 1121 1149 individuae
1133 1073 1261 1147 Trini-

196 1198 277 1271 tatis
292 1194 461 1296 baptizati
476 1212 575 1269 sunt.
593 1196 688 1296 Magi
703 1210 837 1284 autem,
855 1211 897 1267 ut
909 1220 971 1268 sua
985 1192 1157 1293 figmenta
1171 1189 1263 1266 nibil

198 1317 235 1390 in
249 1315 403 1388 militem
416 1312 548 1389 Christi
560 1313 677 1388 valere
687 1327 957 1412 compererunt,
970 1311 1129 1410 propriis
1141 1336 1180 1386 se
1191 1307 1264 1382 cul·

197 1432 263 1504 tris
280 1430 557 1504 interemerunt.

247 1550 386 1622 lnteren
403 1546 562 1619 Licinius
579 1545 706 1620 consul
730 1545 860 1620 famam
877 1544 973 1620 beati
991 1543 1174 1646 pontificis
1197 1568 1265 1616 au-

197 1665 308 1753 divit,
325 1666 515 1764 ipsumque
533 1663 601 1737 sibi
614 1664 756 1738 Gisaico
767 1665 823 1763 (1)
838 1663 919 1738 villa
931 1662 1143 1764 praesentari
1162 1659 1261 1735 fecit.

200 1782 284 1877 Qui,
291 1807 375 1854 cnm
383 1779 752 1869 traheretur,obvium
761 1762 1265 1880 habuitnnumparalyticum,

199 1923 435 1999 sororemque
451 1900 526 1997 ejus
542 1923 673 1970 caecam
682 1951 693 1986 ,
712 1897 855 1972 surdam
871 1912 908 1971 et
924 1912 1075 1971 mutam.
1095 1893 1267 1968 Protinus

201 2014 262 2090 ille
276 2039 408 2113 aquam
424 2012 631 2101 benedixit,
656 2041 771 2114 aegros
787 2012 946 2114 perfudit
968 2029 1005 2088 et
1021 2037 1108 2088 mox
1124 2008 1267 2085 sanitati

201 2131 373 2226 restituit.
392 2129 585 2205 carnifices
601 2130 671 2205 hoc
686 2131 857 2205 viderunt
873 2147 909 2204 et
926 2132 964 2204 in
981 2131 1181 2205 Dominum
1196 2142 1269 2202 sta·

204 2250 270 2323 tim
288 2235 531 2323 crediderunt.
550 2251 646 2322 Dum
659 2249 792 2348 proesnl
808 2265 845 2323 et
856 2250 982 2324 consul
997 2250 1042 2323 de
1053 2248 1219 2323 idolatria
1232 2259 1269 2320 et

204 2363 385 2439 theusebia
395 2366 447 2463 (α)
466 2365 667 2462 procaciter
677 2366 952 2458 altercarentur,
969 2381 1006 2440 et
1022 2359 1159 2464 praesul
1170 2367 1269 2462 jussu

205 2479 362 2554 consulis
388 2477 684 2553 irrationabiliter
703 2478 858 2553 furentis
881 2479 999 2553 nudus
1017 2480 1128 2580 virgis
1152 2477 1269 2552 coede·

205 2611 320 2683 retur‚
342 2594 458 2669 Deum
476 2592 629 2668 fideliter
646 2595 855 2694 deprecatus
870 2611 922 2669 est
929 2649 941 2687 ,
964 2611 1001 2670 et
1018 2621 1106 2669 mox
1123 2619 1214 2668 voce
1228 2591 1270 2667 de

206 2711 302 2786 coelo
325 2713 369 2785 ad
395 2737 477 2785 eum
501 2712 605 2784 missa
632 2712 857 2786 confortatus
882 2728 948 2787 est.
976 2713 1103 2787 Manus
1125 2736 1271 2813 quoquc

141 2856 145 2865 ·
206 2829 416 2902 carnificum
436 2829 558 2901 statim
576 2846 765 2902 aruerunt.
791 2831 949 2902 Licinius
967 2856 1054 2904 vero
1073 2828 1272 2903 leonillam

207 2969 358 3019 uxorem
373 2969 491 3030 suam,
507 2944 590 3044 qnia
603 2943 818 3046 loquebatur
833 2971 903 3046 pro
918 2947 998 3019 viro
1016 2945 1099 3036 Dei,
1119 2948 1172 3017 ira
1188 2969 1272 3017 suc·

206 3085 332 3134 census
344 3059 452 3159 jussit
468 3059 631 3132 cruciari.

239 3332 279 3401 (ι)
296 3329 374 3385 Nous
387 3347 506 3404 pensons
521 3329 589 3403 qu'il
605 3331 684 3403 s'cgit
701 3331 737 3386 ici
754 3332 789 3388 de
803 3333 898 3402 Gisai,
912 3351 1060 3388 commune
1072 3331 1108 3387 de
1120 3318 1274 3398 l'Evnecin,

205 3419 293 3473 situec
303 3429 384 3474 entre
402 3417 513 3490 Broglie
526 3427 555 3472 et
572 3419 608 3474 La
623 3420 722 3487 Bai-re,
741 3423 779 3476 ob
791 3421 849 3477 l’on
860 3433 959 3478 nonve
974 3421 1023 3476 des
1041 3420 1136 3476 debris
1149 3418 1279 3475 notables

206 3510 344 3567 d'edilices
359 3510 494 3578 romains,
513 3519 543 3565 et
556 3513 570 3564 t
583 3510 702 3585 laquelle
718 3523 782 3568 sont
797 3516 898 3571 restees
917 3514 1056 3570 attachees
1073 3512 1223 3584 beaucoup
1241 3508 1278 3565 (le

205 3598 353 3654 traditions
372 3597 498 3653 relatives
515 3601 531 3652 a
549 3600 621 3656 saint
634 3600 750 3656 Taurin.
769 3601 911 3659 Plnsieuis
930 3602 965 3658 de
985 3620 1036 3658 nos
1058 3599 1277 3674 compatriotas,

204 3689 311 3762 d'aprbs
330 3688 356 3743 la
372 3687 537 3743 decouverte
551 3689 616 3743 saite
634 3709 670 3745 au
684 3678 883 3748 vicii-Errenx
902 3691 986 3747 d’une
1004 3689 1172 3763 inscription
1184 3688 1280 3744 votive

203 3797 238 3833 au
254 3777 320 3833 dieu
337 3776 429 3844 Gisai,
450 3786 479 3831 et
496 3776 580 3832 d’une
592 3789 672 3834 autre
690 3780 857 3854 inscription
869 3780 939 3835 dans
951 3777 1069 3853 laquelle
1087 3777 1213 3852 ligur-ent
1228 3774 1281 3831 des

203 3869 326 3938 citoyens
337 3865 372 3920 de
383 3866 474 3932 Gisai,
492 3867 599 3923 croicnt
611 3886 666 3942 que
674 3869 753 3925 Gisai
765 3881 808 3926 est
820 3869 846 3926 le
857 3889 923 3925 nom
937 3868 1070 3943 primitis,
1080 3867 1107 3923 le
1116 3885 1184 3922 nom
1195 3866 1280 3922 Gau&

202 3958 252 4011 lois
261 3967 289 4011 ct
300 3957 388 4011 nieme
398 3953 517 4011 lloniain
528 3955 566 4011 du
576 3948 781 4031 Vieil-Evreun,
791 3980 846 4036 quc
853 3979 923 4016 nous
932 3960 1083 4033 regardons
1091 3978 1126 4015 au
1135 3956 1279 4015 contraire

202 4066 300 4102 roinne
309 4046 528 4118 l’cniplacemcnt
541 4047 577 4102 dc
586 4049 778 4107 Mediolanum
793 4054 986 4107 Aulercorum.

236 4138 274 4206 (¹2)
292 4142 439 4198 essentne,
456 4138 481 4191 lt*
497 4137 570 4194 culte
585 4138 669 4194 divin.
