2910 4980
558 348 675 413 mutu
695 348 879 426 QUINTUS.
1191 350 1251 417 43'5

237 472 1251 576 XVII.RodulfuedeMonmPincionis(1),1)upiserGuil'-

190 593 288 667 ielmi
313 592 432 692 Magni
457 591 551 690 regis
573 589 791 690 Anglorum,
818 615 854 662 se
872 614 916 663 ex
936 603 1017 665 toto
1034 590 1189 667 fideliter
1210 593 1247 666 S.

189 702 1253 808 EbrulfodevovitetadomnoMuinerioabbatesuppiiciter

191 825 384 926 postularit
401 823 586 929 utaliquis
601 824 640 894 in
656 822 816 895 Uticensi
830 823 1002 897 coenobio
1019 824 1187 915 clericus,
1210 828 1253 902 ad

192 941 257 1015 Dei
270 940 457 1014 servitium
474 938 642 1028 idoneus,
664 938 708 1009 ad
725 938 979 1011 monachatum
1002 941 1252 1040 susciperetur,

192 1059 254 1158 qui
272 1082 341 1157 pro
354 1057 465 1130 salute
486 1057 609 1155 ipsius,
633 1055 863 1154 conjugisque
879 1081 953 1129 suae
972 1057 1087 1129 Deum
1104 1056 1257 1132 fideliter

193 1176 457 1274 deprecaretur.
474 1172 581 1266 Quod
592 1187 630 1245 et
642 1171 777 1244 sactum
792 1187 857 1246 est.
873 1172 963 1245 Nam
978 1174 1041 1246 Dei
1058 1190 1150 1246 nutu
1170 1191 1257 1248 tunc

194 1292 338 1394 petebat
355 1291 609 1365 monachatum
631 1291 779 1389 quidam
800 1291 983 1363 Remeusis
1009 1289 1258 1384 scholasticus,

196 1411 345 1485 nomine
352 1409 547 1496 Johonues,
559 1409 621 1508 qui
632 1407 675 1479 ad
683 1408 818 1480 curium
830 1409 923 1506 regis
932 1406 1075 1499 ductus,
1086 1407 1260 1506 praedicto

197 1527 304 1598 militi
318 1552 397 1598 suas
409 1525 584 1599 concessit
594 1524 790 1614 orationes,
799 1540 836 1596 et
849 1547 939 1623 quos
951 1549 1020 1623 pro
1031 1523 1176 1597 Christo
1188 1550 1263 1623 pus-

196 1666 301 1716 surus
309 1658 399 1730 emt,
409 1639 561 1715 labores.
573 1633 637 1712 liic
648 1665 751 1731 vero,
760 1664 867 1738 super
880 1638 949 1713 boc
959 1639 1186 1727 exhilaratus,
1196 1667 1264 1741 po-

199 1757 271 1830 lam
284 1759 424 1830 cunctis
440 1757 547 1856 pedes
565 1760 640 1856 ejus
658 1757 844 1830 humiliter
856 1773 910 1830 est
922 1758 1114 1830 osculatus.
1127 1758 1264 1833 Deinde

200 1873 368 1947 monachi
386 1872 600 1972 proedictum
616 1871 818 1945 iohannem
840 1871 995 1946 libenter
1012 1889 1263 1973 susceperunt,

200 2016 317 2091 eoque
337 2005 502 2090 suscepto
528 1989 631 2064 vaide
652 1989 763 2063 luetati
790 2000 897 2081 sunt,
917 1993 1001 2089 quia
1025 1992 1268 2090 grammaticae

200 2111 289 2182 artis
311 2123 387 2184 emt
404 2109 560 2208 peritus,
584 2107 762 2208 bonisque
784 2107 910 2180 studiis
931 2133 1044 2208 usque
1065 2109 1110 2183 ad
1129 2109 1270 2182 senium

201 2227 434 2326 pertinaciter
454 2227 628 2298 intentus.
650 2224 825 2298 Praefatus
846 2223 951 2298 heros
973 2225 1018 2297 ad
1037 2225 1175 2297 rictum
1195 2227 1270 2326 ejus

202 2342 412 2442 perenuiter
424 2339 524 2414 dedit
540 2341 578 2413 S.
592 2338 750 2415 Ebrulio
763 2339 936 2415 decimum
949 2341 1113 2442 quinque
1127 2341 1270 2416 moien-

203 2459 392 2535 dinorum:
410 2459 524 2531 trium
540 2457 675 2531 scilicet
690 2457 735 2530 de
749 2459 832 2532 Jort
846 2459 920 2556 (α),
940 2470 976 2532 et
993 2457 1172 2555 quartide
1188 2458 1270 2533 loco

202 2577 266 2676 qui
285 2577 488 2669 Hurtuvent
504 2575 614 2675 vulgo
628 2574 763 2648 dieitur
780 2577 835 2674 (3)
844 2630 855 2664 ,
875 2592 911 2650 et
925 2577 1046 2677 quinti
1063 2576 1108 2650 de
1123 2578 1270 2650 Monte—

204 2691 400 2780 Piucionis,
411 2690 568 2792 duesque
577 2689 704 2790 garbas
716 2691 865 2766 deoimae
874 2692 1092 2766 villanorum
1101 2692 1146 2766 de
1156 2691 1270 2766 Gual-

201 2808 469 2908 dreslogiisffi),
483 2806 781 2910 medietatemque
796 2808 945 2883 decimae
962 2810 1007 2884 de
1024 2810 1178 2910 Spaneio
1196 2811 1267 2910 (5),

201 2939 241 2998 et
256 2926 350 3026 apud
367 2926 773 3002 Ermentrudis-Villam
789 2929 848 3028 (6)
869 2928 956 3002 dues
973 2953 1069 3002 acras
1085 2929 1192 3028 preti.

252 3042 338 3114 Post
361 3042 500 3141 aliquot
526 3067 641 3116 antioc
668 3042 763 3117 idem
788 3042 961 3117 Radulfus
988 3044 1067 3118 idus
1092 3044 1266 3120 februarii

202 3157 392 3232 defunctus
409 3173 486 3246 est,
515 3160 662 3259 ejusque
687 3185 818 3260 corpus
838 3160 987 3233 Uticum
1012 3162 1169 3236 deletum
1187 3179 1263 3255 est,

203 3271 326 3373 ibique
343 3274 382 3346 iu
397 3273 555 3348 claustro
571 3273 731 3350 Uticensi
747 3302 767 3349 a
782 3275 967 3351 monacbis
985 3275 1185 3352 honorifice
1205 3305 1266 3353 se·

236 3575 275 3646 (ι)
293 3572 489 3648 Moutpinqou,
503 3575 566 3646 pres
578 3575 696 3629 Livarot.

236 3665 277 3736 (α)
293 3663 371 3732 tort,
383 3673 463 3719 entre
475 3662 804 3720 seint-Pierreeurdiive
815 3676 844 3721 et
856 3665 967 3723 Falsise.

237 3752 278 3828 (ὅ)
294 3754 479 3825 Heurteveut,
491 3764 571 3810 entre
583 3754 731 3810 ltmrotet
741 3756 933 3832 Montpiupon.

237 3847 276 3916 (4)
294 3843 483 3918 Vaudeloges,
496 3845 561 3918 pree
570 3842 727 3900 Coultheut.

236 3933 274 4006 (5)
293 3922 410 4008 Epami,
423 3953 459 3989 au
470 3931 542 3989 nord
553 3931 587 3988 de
600 3931 713 3990 Falaiee.

235 4025 274 4095 (6)
293 4011 506 4091 Emeudreville‚
519 4022 699 4095 aujourd'hui
710 4024 892 4094 seint-Seven
904 4024 1041 4098 buboni-g
1056 4023 1092 4080 de
1103 4023 1200 4082 Rouen
1215 4016 1262 4083 sor
1287 4033 1294 4043 ⁴

203 4113 227 4167 ia
242 4114 298 4167 rive
313 4113 419 4184 gauche
432 4111 504 4167 dela
518 4111 609 4168 Scine.
