<?xml version="1.0" encoding="UTF-8"?>
<!DOCTYPE html PUBLIC "-//W3C//DTD XHTML 1.0 Transitional//EN"
    "http://www.w3.org/TR/xhtml1/DTD/xhtml1-transitional.dtd">
<html xmlns="http://www.w3.org/1999/xhtml" xml:lang="en" lang="en">
 <head>
  <title>
</title>
<meta http-equiv="Content-Type" content="text/html;charset=utf-8" />
  <meta name='ocr-system' content='tesseract 3.04.00' />
  <meta name='ocr-capabilities' content='ocr_page ocr_carea ocr_par ocr_line ocrx_word'/>
</head>
<body>
  <div class='ocr_page' id='page_1' title='image "./ordericivitalis01deligoog/ordericivitalis01deligoog_0118.png"; bbox 0 0 2910 4980; ppageno 0'>
   <div class='ocr_carea' id='block_1_1' title="bbox 193 451 1259 534">
    <p class='ocr_par' dir='ltr' id='par_1_1' title="bbox 193 451 1259 534">
     <span class='ocr_line' id='line_1_1' title="bbox 193 451 1259 534; baseline -0.001 -19"><span class='ocrx_word' id='word_1_1' title='bbox 193 454 287 534; x_wconf 71' lang='lat' dir='ltr'><strong>[um</strong></span> <span class='ocrx_word' id='word_1_2' title='bbox 300 454 391 532; x_wconf 79' lang='lat' dir='ltr'><strong>ross]</strong></span> <span class='ocrx_word' id='word_1_3' title='bbox 564 451 879 514; x_wconf 78' lang='lat' dir='ltr'><strong>uses-rmum.</strong></span> <span class='ocrx_word' id='word_1_4' title='bbox 1201 455 1259 515; x_wconf 80' lang='lat' dir='ltr'><strong>ros</strong></span> 
     </span>
    </p>
   </div>
   <div class='ocr_carea' id='block_1_2' title="bbox 189 567 1259 2767">
    <p class='ocr_par' dir='ltr' id='par_1_2' title="bbox 189 567 1259 2767">
     <span class='ocr_line' id='line_1_2' title="bbox 191 567 1256 672; baseline -0.002 -24"><span class='ocrx_word' id='word_1_5' title='bbox 191 598 273 648; x_wconf 77' lang='lat' dir='ltr'><strong>rem</strong></span> <span class='ocrx_word' id='word_1_6' title='bbox 283 567 517 672; x_wconf 76' lang='lat' dir='ltr'><strong>optimatibus</strong></span> <span class='ocrx_word' id='word_1_7' title='bbox 529 571 763 646; x_wconf 76' lang='lat' dir='ltr'><strong>Nornunniae</strong></span> <span class='ocrx_word' id='word_1_8' title='bbox 775 571 990 647; x_wconf 85' lang='lat' dir='ltr'><strong>:Wiilcrmo</strong></span> <span class='ocrx_word' id='word_1_9' title='bbox 1001 569 1152 645; x_wconf 88' lang='lat' dir='ltr'><strong>Osberni</strong></span> <span class='ocrx_word' id='word_1_10' title='bbox 1166 571 1256 660; x_wconf 86' lang='lat' dir='ltr'><strong>filio,</strong></span> 
     </span>
     <span class='ocr_line' id='line_1_3' title="bbox 192 682 1258 788; baseline -0.003 -23"><span class='ocrx_word' id='word_1_11' title='bbox 192 688 350 765; x_wconf 77' lang='lat' dir='ltr'><strong>Riccrdo</strong></span> <span class='ocrx_word' id='word_1_12' title='bbox 360 687 406 764; x_wconf 87' lang='lat' dir='ltr'><strong>de</strong></span> <span class='ocrx_word' id='word_1_13' title='bbox 417 687 586 762; x_wconf 82' lang='lat' dir='ltr'><strong>Abrincis</strong></span> <span class='ocrx_word' id='word_1_14' title='bbox 600 689 763 761; x_wconf 81' lang='lat' dir='ltr'><strong>&#39;l&#39;urstini</strong></span> <span class='ocrx_word' id='word_1_15' title='bbox 777 687 867 778; x_wconf 86' lang='lat' dir='ltr'><strong>filio,</strong></span> <span class='ocrx_word' id='word_1_16' title='bbox 883 688 1042 788; x_wconf 76' lang='lat' dir='ltr'><strong>lingerio</strong></span> <span class='ocrx_word' id='word_1_17' title='bbox 1053 682 1098 760; x_wconf 89' lang='lat' dir='ltr'><strong>de</strong></span> <span class='ocrx_word' id='word_1_18' title='bbox 1113 688 1258 762; x_wconf 77' lang='lat' dir='ltr'><strong>Monte·</strong></span> 
     </span>
     <span class='ocr_line' id='line_1_4' title="bbox 191 805 1252 895; baseline -0.003 -15"><span class='ocrx_word' id='word_1_19' title='bbox 191 805 397 895; x_wconf 61' lang='lat' dir='ltr'><strong>(romerici,</strong></span> <span class='ocrx_word' id='word_1_20' title='bbox 416 820 455 879; x_wconf 90' lang='lat' dir='ltr'><strong>et</strong></span> <span class='ocrx_word' id='word_1_21' title='bbox 471 805 595 879; x_wconf 82' lang='lat' dir='ltr'><strong>multis</strong></span> <span class='ocrx_word' id='word_1_22' title='bbox 613 805 691 878; x_wconf 80' lang='lat' dir='ltr'><strong>eliis</strong></span> <span class='ocrx_word' id='word_1_23' title='bbox 710 807 746 879; x_wconf 87' lang='lat' dir='ltr'><strong>in</strong></span> <span class='ocrx_word' id='word_1_24' title='bbox 765 821 861 879; x_wconf 81' lang='lat' dir='ltr'><strong>carta</strong></span> <span class='ocrx_word' id='word_1_25' title='bbox 880 806 1026 880; x_wconf 82' lang='lat' dir='ltr'><strong>notetis.</strong></span> <span class='ocrx_word' id='word_1_26' title='bbox 1086 866 1090 873; x_wconf 95' lang='lat'>.</span> <span class='ocrx_word' id='word_1_27' title='bbox 1226 838 1252 853; x_wconf 95' lang='lat'><strong>··</strong></span> 
     </span>
     <span class='ocr_line' id='line_1_5' title="bbox 241 921 1257 1024; baseline 0.001 -28"><span class='ocrx_word' id='word_1_28' title='bbox 241 922 444 999; x_wconf 74' lang='lat' dir='ltr'><strong>Radbertus</strong></span> <span class='ocrx_word' id='word_1_29' title='bbox 463 947 548 997; x_wconf 86' lang='lat' dir='ltr'><strong>vero</strong></span> <span class='ocrx_word' id='word_1_30' title='bbox 560 921 606 997; x_wconf 87' lang='lat' dir='ltr'><strong>de</strong></span> <span class='ocrx_word' id='word_1_31' title='bbox 619 924 743 999; x_wconf 81' lang='lat' dir='ltr'><strong>Witnt</strong></span> <span class='ocrx_word' id='word_1_32' title='bbox 754 922 837 1023; x_wconf 76' lang='lat' dir='ltr'><strong>pusi</strong></span> <span class='ocrx_word' id='word_1_33' title='bbox 852 924 1005 1024; x_wconf 83' lang='lat' dir='ltr'><strong>longum</strong></span> <span class='ocrx_word' id='word_1_34' title='bbox 1021 940 1160 1023; x_wconf 84' lang='lat' dir='ltr'><strong>tempus</strong></span> <span class='ocrx_word' id='word_1_35' title='bbox 1175 923 1257 997; x_wconf 90' lang='lat' dir='ltr'><strong>duci</strong></span> 
     </span>
     <span class='ocr_line' id='line_1_6' title="bbox 191 1039 1259 1142; baseline -0.003 -24"><span class='ocrx_word' id='word_1_36' title='bbox 191 1041 444 1118; x_wconf 78' lang='lat' dir='ltr'><strong>reconciliatus</strong></span> <span class='ocrx_word' id='word_1_37' title='bbox 458 1056 532 1128; x_wconf 88' lang='lat' dir='ltr'><strong>est,</strong></span> <span class='ocrx_word' id='word_1_38' title='bbox 551 1056 589 1115; x_wconf 91' lang='lat' dir='ltr'><strong>et</strong></span> <span class='ocrx_word' id='word_1_39' title='bbox 604 1040 743 1117; x_wconf 85' lang='lat' dir='ltr'><strong>honore</strong></span> <span class='ocrx_word' id='word_1_40' title='bbox 759 1067 825 1117; x_wconf 87' lang='lat' dir='ltr'><strong>suo</strong></span> <span class='ocrx_word' id='word_1_41' title='bbox 841 1057 1056 1142; x_wconf 75' lang='lat' dir='ltr'><strong>recuperato·</strong></span> <span class='ocrx_word' id='word_1_42' title='bbox 1073 1039 1259 1140; x_wconf 70' lang='lat' dir='ltr'><strong>profetam</strong></span> 
     </span>
     <span class='ocr_line' id='line_1_7' title="bbox 192 1157 1259 1234; baseline -0.002 0"><span class='ocrx_word' id='word_1_43' title='bbox 192 1176 329 1234; x_wconf 80' lang='lat' dir='ltr'><strong>terram</strong></span> <span class='ocrx_word' id='word_1_44' title='bbox 349 1159 388 1232; x_wconf 83' lang='lat' dir='ltr'><strong>S.</strong></span> <span class='ocrx_word' id='word_1_45' title='bbox 414 1157 570 1232; x_wconf 81' lang='lat' dir='ltr'><strong>Ebrulfo</strong></span> <span class='ocrx_word' id='word_1_46' title='bbox 592 1158 831 1233; x_wconf 77' lang='lat' dir='ltr'><strong>calumniatus</strong></span> <span class='ocrx_word' id='word_1_47' title='bbox 854 1175 920 1233; x_wconf 86' lang='lat' dir='ltr'><strong>est.</strong></span> <span class='ocrx_word' id='word_1_48' title='bbox 946 1159 1016 1233; x_wconf 85' lang='lat' dir='ltr'><strong>Sed</strong></span> <span class='ocrx_word' id='word_1_49' title='bbox 1040 1182 1115 1232; x_wconf 88' lang='lat' dir='ltr'><strong>non</strong></span> <span class='ocrx_word' id='word_1_50' title='bbox 1141 1157 1259 1232; x_wconf 81' lang='lat' dir='ltr'><strong>multo</strong></span> 
     </span>
     <span class='ocr_line' id='line_1_8' title="bbox 190 1274 1255 1378; baseline -0.003 -29"><span class='ocrx_word' id='word_1_51' title='bbox 190 1274 387 1378; x_wconf 79' lang='lat' dir='ltr'><strong>pestbeilo</strong></span> <span class='ocrx_word' id='word_1_52' title='bbox 399 1275 571 1378; x_wconf 84' lang='lat' dir='ltr'><strong>Anglico‚</strong></span> <span class='ocrx_word' id='word_1_53' title='bbox 587 1275 651 1349; x_wconf 90' lang='lat' dir='ltr'><strong>ubi</strong></span> <span class='ocrx_word' id='word_1_54' title='bbox 665 1292 702 1350; x_wconf 82' lang='lat' dir='ltr'><strong>et</strong></span> <span class='ocrx_word' id='word_1_55' title='bbox 718 1279 793 1376; x_wconf 89' lang='lat' dir='ltr'><strong>ipsc</strong></span> <span class='ocrx_word' id='word_1_56' title='bbox 809 1278 846 1351; x_wconf 92' lang='lat' dir='ltr'><strong>in</strong></span> <span class='ocrx_word' id='word_1_57' title='bbox 860 1302 955 1378; x_wconf 82' lang='lat' dir='ltr'><strong>genu</strong></span> <span class='ocrx_word' id='word_1_58' title='bbox 968 1275 1175 1353; x_wconf 73' lang='lat' dir='ltr'><strong>vulneratus</strong></span> <span class='ocrx_word' id='word_1_59' title='bbox 1189 1289 1255 1362; x_wconf 86' lang='lat' dir='ltr'><strong>cst,</strong></span> 
     </span>
     <span class='ocr_line' id='line_1_9' title="bbox 190 1388 1256 1494; baseline -0.005 -27"><span class='ocrx_word' id='word_1_60' title='bbox 190 1391 584 1494; x_wconf 53' lang='lat' dir='ltr'><strong>punctosletbiferum</strong></span> <span class='ocrx_word' id='word_1_61' title='bbox 611 1391 862 1494; x_wconf 69' lang='lat' dir='ltr'><strong>aegritudinem</strong></span> <span class='ocrx_word' id='word_1_62' title='bbox 888 1391 1051 1465; x_wconf 85' lang='lat' dir='ltr'><strong>incurrit</strong></span> <span class='ocrx_word' id='word_1_63' title='bbox 1072 1388 1256 1484; x_wconf 61' lang='lat' dir='ltr'><strong>Quinum</strong></span> 
     </span>
     <span class='ocr_line' id='line_1_10' title="bbox 189 1495 1257 1608; baseline -0.006 -25"><span class='ocrx_word' id='word_1_64' title='bbox 189 1524 351 1583; x_wconf 80' lang='lat' dir='ltr'><strong>mortem</strong></span> <span class='ocrx_word' id='word_1_65' title='bbox 372 1505 439 1581; x_wconf 86' lang='lat' dir='ltr'><strong>sibi</strong></span> <span class='ocrx_word' id='word_1_66' title='bbox 461 1509 674 1608; x_wconf 74' lang='lat' dir='ltr'><strong>appropiare</strong></span> <span class='ocrx_word' id='word_1_67' title='bbox 696 1509 826 1597; x_wconf 87' lang='lat' dir='ltr'><strong>sensit,</strong></span> <span class='ocrx_word' id='word_1_68' title='bbox 845 1523 960 1583; x_wconf 77' lang='lat' dir='ltr'><strong>totum</strong></span> <span class='ocrx_word' id='word_1_69' title='bbox 977 1525 1131 1596; x_wconf 75' lang='lat' dir='ltr'><strong>tersum,</strong></span> <span class='ocrx_word' id='word_1_70' title='bbox 1148 1495 1257 1607; x_wconf 80' lang='lat' dir='ltr'><strong>qnam</strong></span> 
     </span>
     <span class='ocr_line' id='line_1_11' title="bbox 190 1623 1257 1726; baseline -0.003 -27"><span class='ocrx_word' id='word_1_71' title='bbox 190 1623 609 1725; x_wconf 72' lang='lat' dir='ltr'><strong>abipso-calumniatam</strong></span> <span class='ocrx_word' id='word_1_72' title='bbox 630 1651 703 1701; x_wconf 84' lang='lat' dir='ltr'><strong>esse</strong></span> <span class='ocrx_word' id='word_1_73' title='bbox 720 1628 794 1726; x_wconf 77' lang='lat' dir='ltr'><strong>jam</strong></span> <span class='ocrx_word' id='word_1_74' title='bbox 816 1625 989 1714; x_wconf 79' lang='lat' dir='ltr'>diximus,</span> <span class='ocrx_word' id='word_1_75' title='bbox 1012 1623 1257 1699; x_wconf 82' lang='lat' dir='ltr'><strong>bono-animo</strong></span> 
     </span>
     <span class='ocr_line' id='line_1_12' title="bbox 190 1738 1254 1842; baseline -0.007 -27"><span class='ocrx_word' id='word_1_76' title='bbox 190 1738 358 1815; x_wconf 79' lang='lat' dir='ltr'><strong>fidelibus</strong></span> <span class='ocrx_word' id='word_1_77' title='bbox 374 1741 438 1816; x_wconf 86' lang='lat' dir='ltr'><strong>Dei</strong></span> <span class='ocrx_word' id='word_1_78' title='bbox 461 1767 529 1841; x_wconf 91' lang='lat' dir='ltr'><strong>pro</strong></span> <span class='ocrx_word' id='word_1_79' title='bbox 548 1739 797 1842; x_wconf 79' lang='lat' dir='ltr'><strong>redemptione</strong></span> <span class='ocrx_word' id='word_1_80' title='bbox 816 1742 946 1815; x_wconf 85' lang='lat' dir='ltr'><strong>animoe</strong></span> <span class='ocrx_word' id='word_1_81' title='bbox 971 1765 1044 1815; x_wconf 84' lang='lat' dir='ltr'><strong>suoe</strong></span> <span class='ocrx_word' id='word_1_82' title='bbox 1066 1738 1254 1814; x_wconf 72' lang='lat' dir='ltr'><strong>noncessit.</strong></span> 
     </span>
     <span class='ocr_line' id='line_1_13' title="bbox 190 1853 1255 1955; baseline -0.005 -27"><span class='ocrx_word' id='word_1_83' title='bbox 190 1856 269 1929; x_wconf 81' lang='lat' dir='ltr'><strong>Hoc</strong></span> <span class='ocrx_word' id='word_1_84' title='bbox 281 1868 402 1930; x_wconf 82' lang='lat' dir='ltr'><strong>nutem</strong></span> <span class='ocrx_word' id='word_1_85' title='bbox 415 1856 509 1955; x_wconf 81' lang='lat' dir='ltr'><strong>apud</strong></span> <span class='ocrx_word' id='word_1_86' title='bbox 522 1856 700 1931; x_wconf 80' lang='lat' dir='ltr'><strong>Doreram</strong></span> <span class='ocrx_word' id='word_1_87' title='bbox 712 1876 832 1932; x_wconf 80' lang='lat' dir='ltr'><strong>coram</strong></span> <span class='ocrx_word' id='word_1_88' title='bbox 846 1856 972 1931; x_wconf 88' lang='lat' dir='ltr'><strong>Odonc</strong></span> <span class='ocrx_word' id='word_1_89' title='bbox 984 1853 1166 1954; x_wconf 83' lang='lat' dir='ltr'><strong>Bajocensi</strong></span> <span class='ocrx_word' id='word_1_90' title='bbox 1181 1853 1255 1952; x_wconf 84' lang='lat' dir='ltr'><strong>epi-</strong></span> 
     </span>
     <span class='ocr_line' id='line_1_14' title="bbox 190 1972 1255 2074; baseline -0.005 -27"><span class='ocrx_word' id='word_1_91' title='bbox 190 1996 303 2071; x_wconf 82' lang='lat' dir='ltr'><strong>seopo</strong></span> <span class='ocrx_word' id='word_1_92' title='bbox 314 1988 353 2048; x_wconf 91' lang='lat' dir='ltr'><strong>et</strong></span> <span class='ocrx_word' id='word_1_93' title='bbox 366 1975 518 2074; x_wconf 77' lang='lat' dir='ltr'><strong>lingone</strong></span> <span class='ocrx_word' id='word_1_94' title='bbox 531 1973 578 2047; x_wconf 90' lang='lat' dir='ltr'><strong>de</strong></span> <span class='ocrx_word' id='word_1_95' title='bbox 588 1972 925 2060; x_wconf 84' lang='lat' dir='ltr'><strong>Grentcmaisnilio,</strong></span> <span class='ocrx_word' id='word_1_96' title='bbox 940 1972 1094 2070; x_wconf 80' lang='lat' dir='ltr'><strong>lingone</strong></span> <span class='ocrx_word' id='word_1_97' title='bbox 1109 1986 1255 2071; x_wconf 83' lang='lat' dir='ltr'><strong>qunque</strong></span> 
     </span>
     <span class='ocr_line' id='line_1_15' title="bbox 189 2082 1258 2190; baseline -0.005 -29"><span class='ocrx_word' id='word_1_98' title='bbox 189 2084 460 2165; x_wconf 81' lang='lat' dir='ltr'><strong>debionteforti</strong></span> <span class='ocrx_word' id='word_1_99' title='bbox 473 2105 510 2165; x_wconf 92' lang='lat' dir='ltr'><strong>et</strong></span> <span class='ocrx_word' id='word_1_100' title='bbox 520 2090 673 2190; x_wconf 82' lang='lat' dir='ltr'><strong>lingone</strong></span> <span class='ocrx_word' id='word_1_101' title='bbox 684 2090 761 2164; x_wconf 78' lang='lat' dir='ltr'><strong>filio</strong></span> <span class='ocrx_word' id='word_1_102' title='bbox 770 2088 933 2162; x_wconf 84' lang='lat' dir='ltr'><strong>Fulcoldi</strong></span> <span class='ocrx_word' id='word_1_103' title='bbox 946 2142 957 2176; x_wconf 90' lang='lat'><strong><em>,</em></strong></span> <span class='ocrx_word' id='word_1_104' title='bbox 970 2088 1120 2187; x_wconf 81' lang='lat' dir='ltr'><strong>aliisque</strong></span> <span class='ocrx_word' id='word_1_105' title='bbox 1132 2082 1258 2158; x_wconf 79' lang='lat' dir='ltr'><strong>multis</strong></span> 
     </span>
     <span class='ocr_line' id='line_1_16' title="bbox 189 2204 1156 2304; baseline -0.002 -28"><span class='ocrx_word' id='word_1_106' title='bbox 189 2204 328 2304; x_wconf 77' lang='lat' dir='ltr'><strong>mugnis</strong></span> <span class='ocrx_word' id='word_1_107' title='bbox 345 2220 385 2280; x_wconf 88' lang='lat' dir='ltr'><strong>st</strong></span> <span class='ocrx_word' id='word_1_108' title='bbox 393 2204 633 2279; x_wconf 86' lang='lat' dir='ltr'><strong>mediocribus</strong></span> <span class='ocrx_word' id='word_1_109' title='bbox 645 2208 683 2279; x_wconf 88' lang='lat' dir='ltr'><strong>S.</strong></span> <span class='ocrx_word' id='word_1_110' title='bbox 696 2204 849 2282; x_wconf 83' lang='lat' dir='ltr'><strong>Ebrulfo</strong></span> <span class='ocrx_word' id='word_1_111' title='bbox 865 2230 1073 2280; x_wconf 87' lang='lat' dir='ltr'><strong>concessum</strong></span> <span class='ocrx_word' id='word_1_112' title='bbox 1090 2217 1156 2277; x_wconf 87' lang='lat' dir='ltr'><strong>est.</strong></span> 
     </span>
     <span class='ocr_line' id='line_1_17' title="bbox 237 2318 1258 2421; baseline -0.004 -27"><span class='ocrx_word' id='word_1_113' title='bbox 237 2319 376 2394; x_wconf 84' lang='lat' dir='ltr'><strong>Deinde</strong></span> <span class='ocrx_word' id='word_1_114' title='bbox 384 2323 467 2421; x_wconf 79' lang='lat' dir='ltr'><strong>quia</strong></span> <span class='ocrx_word' id='word_1_115' title='bbox 477 2323 574 2399; x_wconf 87' lang='lat' dir='ltr'><strong>idem</strong></span> <span class='ocrx_word' id='word_1_116' title='bbox 582 2325 683 2398; x_wconf 84' lang='lat' dir='ltr'><strong>miles</strong></span> <span class='ocrx_word' id='word_1_117' title='bbox 693 2322 769 2397; x_wconf 87' lang='lat' dir='ltr'><strong>fere</strong></span> <span class='ocrx_word' id='word_1_118' title='bbox 777 2346 824 2396; x_wconf 74' lang='lat' dir='ltr'><strong>xc</strong></span> <span class='ocrx_word' id='word_1_119' title='bbox 833 2337 981 2421; x_wconf 86' lang='lat' dir='ltr'><strong>nepotes</strong></span> <span class='ocrx_word' id='word_1_120' title='bbox 991 2321 1131 2394; x_wconf 82' lang='lat' dir='ltr'><strong>militiae</strong></span> <span class='ocrx_word' id='word_1_121' title='bbox 1141 2318 1258 2391; x_wconf 82' lang='lat' dir='ltr'><strong>titniis</strong></span> 
     </span>
     <span class='ocr_line' id='line_1_18' title="bbox 190 2434 1256 2538; baseline -0.002 -30"><span class='ocrx_word' id='word_1_122' title='bbox 190 2434 328 2511; x_wconf 78' lang='lat' dir='ltr'><strong>seroces</strong></span> <span class='ocrx_word' id='word_1_123' title='bbox 340 2435 487 2524; x_wconf 78' lang='lat' dir='ltr'><strong>babuit,</strong></span> <span class='ocrx_word' id='word_1_124' title='bbox 508 2439 592 2538; x_wconf 85' lang='lat' dir='ltr'><strong>ipsis</strong></span> <span class='ocrx_word' id='word_1_125' title='bbox 611 2439 710 2513; x_wconf 89' lang='lat' dir='ltr'><strong>inter</strong></span> <span class='ocrx_word' id='word_1_126' title='bbox 722 2466 758 2513; x_wconf 84' lang='lat' dir='ltr'><strong>se</strong></span> <span class='ocrx_word' id='word_1_127' title='bbox 770 2438 1000 2514; x_wconf 70' lang='lat' dir='ltr'><strong>sevientibus</strong></span> <span class='ocrx_word' id='word_1_128' title='bbox 1017 2439 1078 2510; x_wconf 84' lang='lat' dir='ltr'><strong>vix</strong></span> <span class='ocrx_word' id='word_1_129' title='bbox 1095 2462 1256 2536; x_wconf 80' lang='lat' dir='ltr'><strong>unquam</strong></span> 
     </span>
     <span class='ocr_line' id='line_1_19' title="bbox 190 2550 1255 2655; baseline -0.001 -30"><span class='ocrx_word' id='word_1_130' title='bbox 190 2576 304 2651; x_wconf 84' lang='lat' dir='ltr'><strong>usque</strong></span> <span class='ocrx_word' id='word_1_131' title='bbox 320 2550 359 2623; x_wconf 94' lang='lat' dir='ltr'><strong>in</strong></span> <span class='ocrx_word' id='word_1_132' title='bbox 375 2568 590 2651; x_wconf 70' lang='lat' dir='ltr'><strong>praesentem</strong></span> <span class='ocrx_word' id='word_1_133' title='bbox 602 2554 699 2655; x_wconf 84' lang='lat' dir='ltr'><strong>diem</strong></span> <span class='ocrx_word' id='word_1_134' title='bbox 715 2552 902 2628; x_wconf 80' lang='lat' dir='ltr'><strong>haereditas</strong></span> <span class='ocrx_word' id='word_1_135' title='bbox 919 2558 993 2654; x_wconf 88' lang='lat' dir='ltr'><strong>ejus</strong></span> <span class='ocrx_word' id='word_1_136' title='bbox 1011 2555 1048 2626; x_wconf 87' lang='lat' dir='ltr'><strong>in</strong></span> <span class='ocrx_word' id='word_1_137' title='bbox 1066 2580 1152 2652; x_wconf 87' lang='lat' dir='ltr'><strong>pace</strong></span> <span class='ocrx_word' id='word_1_138' title='bbox 1167 2579 1255 2653; x_wconf 86' lang='lat' dir='ltr'><strong>pcr-</strong></span> 
     </span>
     <span class='ocr_line' id='line_1_20' title="bbox 190 2668 1256 2767; baseline 0.002 -27"><span class='ocrx_word' id='word_1_139' title='bbox 190 2693 337 2742; x_wconf 83' lang='lat' dir='ltr'><strong>mnnere</strong></span> <span class='ocrx_word' id='word_1_140' title='bbox 358 2669 493 2767; x_wconf 87' lang='lat' dir='ltr'><strong>potnit.</strong></span> <span class='ocrx_word' id='word_1_141' title='bbox 521 2669 614 2743; x_wconf 80' lang='lat' dir='ltr'><strong>Nem</strong></span> <span class='ocrx_word' id='word_1_142' title='bbox 638 2668 860 2743; x_wconf 80' lang='lat' dir='ltr'><strong>Matthiellns</strong></span> <span class='ocrx_word' id='word_1_143' title='bbox 885 2687 921 2743; x_wconf 90' lang='lat' dir='ltr'><strong>et</strong></span> <span class='ocrx_word' id='word_1_144' title='bbox 947 2669 1116 2742; x_wconf 86' lang='lat' dir='ltr'><strong>Ricardus</strong></span> <span class='ocrx_word' id='word_1_145' title='bbox 1143 2669 1256 2742; x_wconf 80' lang='lat' dir='ltr'><strong>frater</strong></span> 
     </span>
    </p>
   </div>
   <div class='ocr_carea' id='block_1_3' title="bbox 189 2784 1255 3232">
    <p class='ocr_par' dir='ltr' id='par_1_3' title="bbox 189 2784 1255 3232">
     <span class='ocr_line' id='line_1_21' title="bbox 189 2784 1254 2889; baseline 0.001 -31"><span class='ocrx_word' id='word_1_146' title='bbox 189 2787 265 2881; x_wconf 87' lang='lat' dir='ltr'><strong>ejus</strong></span> <span class='ocrx_word' id='word_1_147' title='bbox 285 2810 326 2857; x_wconf 79' lang='lat' dir='ltr'><strong>ac</strong></span> <span class='ocrx_word' id='word_1_148' title='bbox 347 2784 507 2885; x_wconf 74' lang='lat' dir='ltr'><strong>Nigelius</strong></span> <span class='ocrx_word' id='word_1_149' title='bbox 528 2786 837 2889; x_wconf 73' lang='lat' dir='ltr'><strong>atque-Rusiodus</strong></span> <span class='ocrx_word' id='word_1_150' title='bbox 863 2788 965 2859; x_wconf 79' lang='lat' dir='ltr'><strong>Brito</strong></span> <span class='ocrx_word' id='word_1_151' title='bbox 987 2784 1118 2885; x_wconf 80' lang='lat' dir='ltr'><strong>Nigelli</strong></span> <span class='ocrx_word' id='word_1_152' title='bbox 1143 2810 1254 2885; x_wconf 74' lang='lat' dir='ltr'><strong>gener</strong></span> 
     </span>
     <span class='ocr_line' id='line_1_22' title="bbox 189 2898 1255 3001; baseline 0.003 -30"><span class='ocrx_word' id='word_1_153' title='bbox 189 2898 337 2974; x_wconf 82' lang='lat' dir='ltr'><strong>diversis</strong></span> <span class='ocrx_word' id='word_1_154' title='bbox 354 2899 577 2998; x_wconf 78' lang='lat' dir='ltr'><strong>temporibus</strong></span> <span class='ocrx_word' id='word_1_155' title='bbox 597 2919 865 2990; x_wconf 84' lang='lat' dir='ltr'><strong>successerunt,</strong></span> <span class='ocrx_word' id='word_1_156' title='bbox 886 2901 1255 3001; x_wconf 77' lang='lat' dir='ltr'><strong>multasque-malitias</strong></span> 
     </span>
     <span class='ocr_line' id='line_1_23' title="bbox 190 3010 1254 3116; baseline 0.003 -29"><span class='ocrx_word' id='word_1_157' title='bbox 190 3010 401 3090; x_wconf 78' lang='lat' dir='ltr'><strong>infortuniis</strong></span> <span class='ocrx_word' id='word_1_158' title='bbox 431 3014 689 3091; x_wconf 86' lang='lat' dir='ltr'><strong>comitantibus</strong></span> <span class='ocrx_word' id='word_1_159' title='bbox 716 3035 968 3092; x_wconf 83' lang='lat' dir='ltr'><strong>exercuerunt.</strong></span> <span class='ocrx_word' id='word_1_160' title='bbox 998 3018 1254 3116; x_wconf 86' lang='lat' dir='ltr'><strong>Unusquisque</strong></span> 
     </span>
     <span class='ocr_line' id='line_1_24' title="bbox 191 3131 1253 3232; baseline -0.004 -24"><span class='ocrx_word' id='word_1_161' title='bbox 191 3158 319 3208; x_wconf 83' lang='lat' dir='ltr'><strong>eorum</strong></span> <span class='ocrx_word' id='word_1_162' title='bbox 336 3131 521 3231; x_wconf 83' lang='lat' dir='ltr'><strong>praefatam</strong></span> <span class='ocrx_word' id='word_1_163' title='bbox 542 3136 800 3232; x_wconf 85' lang='lat' dir='ltr'><strong>possessionem</strong></span> <span class='ocrx_word' id='word_1_164' title='bbox 822 3136 859 3206; x_wconf 90' lang='lat' dir='ltr'><strong>S.</strong></span> <span class='ocrx_word' id='word_1_165' title='bbox 882 3134 1038 3209; x_wconf 80' lang='lat' dir='ltr'><strong>Ebsulfo</strong></span> <span class='ocrx_word' id='word_1_166' title='bbox 1061 3133 1253 3206; x_wconf 78' lang='lat' dir='ltr'><strong>calumnia·</strong></span> 
     </span>
    </p>
   </div>
   <div class='ocr_carea' id='block_1_4' title="bbox 190 3248 1265 3470">
    <p class='ocr_par' dir='ltr' id='par_1_4' title="bbox 190 3248 1265 3470">
     <span class='ocr_line' id='line_1_25' title="bbox 191 3248 1253 3352; baseline -0.001 -31"><span class='ocrx_word' id='word_1_167' title='bbox 191 3264 246 3323; x_wconf 87' lang='lat' dir='ltr'><strong>tus</strong></span> <span class='ocrx_word' id='word_1_168' title='bbox 263 3263 338 3337; x_wconf 80' lang='lat' dir='ltr'><strong>est3</strong></span> <span class='ocrx_word' id='word_1_169' title='bbox 357 3248 417 3323; x_wconf 87' lang='lat' dir='ltr'><strong>sed</strong></span> <span class='ocrx_word' id='word_1_170' title='bbox 430 3250 569 3348; x_wconf 88' lang='lat' dir='ltr'><strong>judicio</strong></span> <span class='ocrx_word' id='word_1_171' title='bbox 580 3252 667 3340; x_wconf 87' lang='lat' dir='ltr'><strong>Dei,</strong></span> <span class='ocrx_word' id='word_1_172' title='bbox 683 3252 747 3352; x_wconf 86' lang='lat' dir='ltr'><strong>qui</strong></span> <span class='ocrx_word' id='word_1_173' title='bbox 761 3252 957 3325; x_wconf 85' lang='lat' dir='ltr'><strong>Ecclesium</strong></span> <span class='ocrx_word' id='word_1_174' title='bbox 972 3277 1072 3322; x_wconf 87' lang='lat' dir='ltr'><strong>suum</strong></span> <span class='ocrx_word' id='word_1_175' title='bbox 1086 3263 1253 3348; x_wconf 87' lang='lat' dir='ltr'><strong>potenter</strong></span> 
     </span>
     <span class='ocr_line' id='line_1_26' title="bbox 190 3359 1265 3470; baseline -0.001 -32"><span class='ocrx_word' id='word_1_176' title='bbox 190 3364 328 3466; x_wconf 85' lang='lat' dir='ltr'><strong>ubique</strong></span> <span class='ocrx_word' id='word_1_177' title='bbox 337 3369 519 3470; x_wconf 73' lang='lat' dir='ltr'><strong>protegit,</strong></span> <span class='ocrx_word' id='word_1_178' title='bbox 540 3369 770 3456; x_wconf 86' lang='lat' dir='ltr'><strong>imminente,</strong></span> <span class='ocrx_word' id='word_1_179' title='bbox 788 3367 834 3440; x_wconf 83' lang='lat' dir='ltr'><strong>ab</strong></span> <span class='ocrx_word' id='word_1_180' title='bbox 847 3369 977 3467; x_wconf 85' lang='lat' dir='ltr'><strong>injusta</strong></span> <span class='ocrx_word' id='word_1_181' title='bbox 991 3367 1166 3440; x_wconf 83' lang='lat' dir='ltr'><strong>calumnia</strong></span> <span class='ocrx_word' id='word_1_182' title='bbox 1182 3359 1265 3439; x_wconf 62' lang='lat' dir='ltr'><strong>ces?</strong></span> 
     </span>
    </p>
   </div>
   <div class='ocr_carea' id='block_1_5' title="bbox 191 3481 1410 3581">
    <p class='ocr_par' dir='ltr' id='par_1_5' title="bbox 191 3481 1410 3581">
     <span class='ocr_line' id='line_1_27' title="bbox 191 3481 1410 3581; baseline 0.003 -26"><span class='ocrx_word' id='word_1_183' title='bbox 191 3508 265 3557; x_wconf 82' lang='lat' dir='ltr'><strong>sure</strong></span> <span class='ocrx_word' id='word_1_184' title='bbox 291 3486 526 3559; x_wconf 76' lang='lat' dir='ltr'><strong>coactus-est.</strong></span> <span class='ocrx_word' id='word_1_185' title='bbox 555 3484 775 3569; x_wconf 72' lang='lat' dir='ltr'><strong>Mattiuellns</strong></span> <span class='ocrx_word' id='word_1_186' title='bbox 797 3486 895 3558; x_wconf 87' lang='lat' dir='ltr'><strong>enim</strong></span> <span class='ocrx_word' id='word_1_187' title='bbox 920 3481 987 3555; x_wconf 90' lang='lat' dir='ltr'><strong>sub</strong></span> <span class='ocrx_word' id='word_1_188' title='bbox 1008 3507 1139 3581; x_wconf 81' lang='lat' dir='ltr'><strong>magno</strong></span> <span class='ocrx_word' id='word_1_189' title='bbox 1164 3481 1253 3555; x_wconf 87' lang='lat' dir='ltr'><strong>duce</strong></span> <span class='ocrx_word' id='word_1_190' title='bbox 1324 3496 1363 3559; x_wconf 94' lang='lat'><strong>&#39;.</strong></span> <span class='ocrx_word' id='word_1_191' title='bbox 1407 3520 1410 3531; x_wconf 92' lang='lat'>·</span> 
     </span>
    </p>
   </div>
   <div class='ocr_carea' id='block_1_6' title="bbox 188 3597 1252 4249">
    <p class='ocr_par' dir='ltr' id='par_1_6' title="bbox 188 3597 1252 4249">
     <span class='ocr_line' id='line_1_28' title="bbox 190 3597 1252 3700; baseline -0.003 -29"><span class='ocrx_word' id='word_1_192' title='bbox 190 3598 417 3688; x_wconf 87' lang='lat' dir='ltr'><strong>Willcrmo‚.</strong></span> <span class='ocrx_word' id='word_1_193' title='bbox 439 3616 476 3673; x_wconf 89' lang='lat' dir='ltr'><strong>et</strong></span> <span class='ocrx_word' id='word_1_194' title='bbox 500 3600 695 3689; x_wconf 85' lang='lat' dir='ltr'><strong>Ricardus,</strong></span> <span class='ocrx_word' id='word_1_195' title='bbox 726 3601 857 3700; x_wconf 87' lang='lat' dir='ltr'><strong>aliique</strong></span> <span class='ocrx_word' id='word_1_196' title='bbox 887 3597 1160 3670; x_wconf 80' lang='lat' dir='ltr'><strong>calumniatores</strong></span> <span class='ocrx_word' id='word_1_197' title='bbox 1186 3597 1252 3669; x_wconf 90' lang='lat' dir='ltr'><strong>sub</strong></span> 
     </span>
     <span class='ocr_line' id='line_1_29' title="bbox 189 3711 1252 3816; baseline -0.003 -31"><span class='ocrx_word' id='word_1_198' title='bbox 189 3711 279 3787; x_wconf 88' lang='lat' dir='ltr'><strong>duce</strong></span> <span class='ocrx_word' id='word_1_199' title='bbox 300 3712 501 3807; x_wconf 83' lang='lat' dir='ltr'><strong>Rotbcrto,</strong></span> <span class='ocrx_word' id='word_1_200' title='bbox 525 3721 669 3816; x_wconf 88' lang='lat' dir='ltr'><strong>ejusque</strong></span> <span class='ocrx_word' id='word_1_201' title='bbox 691 3712 862 3787; x_wconf 79' lang='lat' dir='ltr'><strong>fratribus</strong></span> <span class='ocrx_word' id='word_1_202' title='bbox 877 3711 1072 3786; x_wconf 86' lang='lat' dir='ltr'><strong>Willermo</strong></span> <span class='ocrx_word' id='word_1_203' title='bbox 1096 3711 1193 3787; x_wconf 87' lang='lat' dir='ltr'><strong>Rufo</strong></span> <span class='ocrx_word' id='word_1_204' title='bbox 1216 3727 1252 3784; x_wconf 88' lang='lat' dir='ltr'><strong>ct</strong></span> 
     </span>
     <span class='ocr_line' id='line_1_30' title="bbox 190 3828 1250 3928; baseline 0.001 -29"><span class='ocrx_word' id='word_1_205' title='bbox 190 3828 369 3916; x_wconf 80' lang='lat' dir='ltr'><strong>ilenrico,</strong></span> <span class='ocrx_word' id='word_1_206' title='bbox 393 3830 588 3904; x_wconf 82' lang='lat' dir='ltr'><strong>Ecclesium</strong></span> <span class='ocrx_word' id='word_1_207' title='bbox 611 3833 675 3905; x_wconf 90' lang='lat' dir='ltr'><strong>Dei</strong></span> <span class='ocrx_word' id='word_1_208' title='bbox 702 3831 808 3904; x_wconf 88' lang='lat' dir='ltr'><strong>rebus</strong></span> <span class='ocrx_word' id='word_1_209' title='bbox 835 3828 963 3902; x_wconf 85' lang='lat' dir='ltr'><strong>habitis</strong></span> <span class='ocrx_word' id='word_1_210' title='bbox 990 3829 1142 3928; x_wconf 82' lang='lat' dir='ltr'><strong>spoliare</strong></span> <span class='ocrx_word' id='word_1_211' title='bbox 1168 3855 1250 3901; x_wconf 87' lang='lat' dir='ltr'><strong>cum</strong></span> 
     </span>
     <span class='ocr_line' id='line_1_31' title="bbox 188 3944 1252 4047; baseline 0 -31"><span class='ocrx_word' id='word_1_212' title='bbox 188 3944 312 4017; x_wconf 88' lang='lat' dir='ltr'><strong>multis</strong></span> <span class='ocrx_word' id='word_1_213' title='bbox 329 3949 438 4020; x_wconf 87' lang='lat' dir='ltr'><strong>minis</strong></span> <span class='ocrx_word' id='word_1_214' title='bbox 457 3951 574 4022; x_wconf 85' lang='lat' dir='ltr'><strong>conati</strong></span> <span class='ocrx_word' id='word_1_215' title='bbox 594 3965 679 4021; x_wconf 88' lang='lat' dir='ltr'><strong>suut</strong></span> <span class='ocrx_word' id='word_1_216' title='bbox 690 3978 701 4036; x_wconf 79' lang='lat'><em>3</em></span> <span class='ocrx_word' id='word_1_217' title='bbox 721 3947 780 4022; x_wconf 84' lang='lat' dir='ltr'><strong>sed</strong></span> <span class='ocrx_word' id='word_1_218' title='bbox 801 3956 1027 4047; x_wconf 77' lang='lat' dir='ltr'><strong>rege‘regum</strong></span> <span class='ocrx_word' id='word_1_219' title='bbox 1043 3968 1125 4018; x_wconf 87' lang='lat' dir='ltr'><strong>suos</strong></span> <span class='ocrx_word' id='word_1_220' title='bbox 1148 3945 1252 4044; x_wconf 86' lang='lat' dir='ltr'><strong>adju-</strong></span> 
     </span>
     <span class='ocr_line' id='line_1_32' title="bbox 188 4062 1251 4164; baseline 0.005 -33"><span class='ocrx_word' id='word_1_221' title='bbox 188 4077 313 4153; x_wconf 80' lang='lat' dir='ltr'><strong>rante,</strong></span> <span class='ocrx_word' id='word_1_222' title='bbox 338 4062 436 4162; x_wconf 87' lang='lat' dir='ltr'><strong>quod</strong></span> <span class='ocrx_word' id='word_1_223' title='bbox 461 4066 625 4163; x_wconf 83' lang='lat' dir='ltr'><strong>nequiter</strong></span> <span class='ocrx_word' id='word_1_224' title='bbox 652 4064 825 4164; x_wconf 83' lang='lat' dir='ltr'><strong>optabant</strong></span> <span class='ocrx_word' id='word_1_225' title='bbox 849 4078 1053 4163; x_wconf 82' lang='lat' dir='ltr'><strong>perpetrare</strong></span> <span class='ocrx_word' id='word_1_226' title='bbox 1076 4063 1251 4162; x_wconf 85' lang='lat' dir='ltr'><strong>neqnive-</strong></span> 
     </span>
     <span class='ocr_line' id='line_1_33' title="bbox 189 4192 287 4249; baseline 0 0"><span class='ocrx_word' id='word_1_227' title='bbox 189 4192 287 4249; x_wconf 88' lang='lat' dir='ltr'><strong>runt.</strong></span> 
     </span>
    </p>
   </div>
   <div class='ocr_carea' id='block_1_7' title="bbox 0 0 1460 4980">
    <p class='ocr_par' dir='ltr' id='par_1_7' title="bbox 0 0 1460 4980">
     <span class='ocr_line' id='line_1_34' title="bbox 0 0 1460 4980; baseline 0 0"><span class='ocrx_word' id='word_1_228' title='bbox 0 0 1460 4980; x_wconf 95' lang='lat' dir='ltr'><strong> </strong></span> 
     </span>
    </p>
   </div>
  </div>
 </body>
</html>
