2910 4980
552 411 668 473 tisun
688 411 871 488 Quintus.
1179 417 1240 480 sor

175 531 387 607 Eduardum
407 555 528 631 regem
549 532 701 631 peperit.
724 531 857 606 Eodem
882 547 965 632 post
988 533 1097 607 funus
1119 539 1239 611 mariti

175 647 232 723 sui
252 644 385 721 liberos
404 671 485 719 suos
506 646 543 718 in
563 645 766 719 Neustriam
783 646 901 733 misit,
921 663 959 719 et
975 644 1146 724 chunuto
1164 652 1238 753 regi

175 765 359 838 Daoorum
371 763 512 862 nupsit,
533 763 635 862 eique
648 760 967 836 Hardeehunutum
985 789 1105 864 regem
1118 766 1241 841 Dano-

175 905 262 953 rum
274 895 313 955 et
330 877 531 978 Anglorum
552 877 713 977 peperit,
732 893 769 953 et
786 876 1025 968 Gonnildem,
1043 905 1124 979 quae
1142 883 1241 956 Hen-

177 994 257 1068 rioo
273 994 482 1091 imperatori
497 994 745 1066 Romanorum
759 993 882 1091 nupsit
895 995 961 1091 (ι).

178 1171 223 1240 tt.
317 1172 467 1247 Malgerius
476 1173 585 1246 juvenis
598 1172 691 1228 sedem
703 1172 824 1244 suscepit
835 1170 965 1242 honoris,

317 1264 408 1320 Natali
420 1263 522 1330 clarus,
538 1263 586 1318 sed
599 1262 676 1318 nullo
688 1262 788 1318 nobilis
799 1263 882 1333 actu(
901 1265 922 1334 ).

176 1429 245 1504 llic
259 1429 354 1504 filius
368 1430 508 1503 Ricardi
526 1427 568 1503 ΙΙἰ
584 1428 686 1504 ducis
697 1457 740 1503 ex
757 1428 909 1503 secunda
927 1431 1078 1530 conjuge
1092 1432 1241 1506 nomine

176 1546 309 1649 Paphia
323 1565 428 1622 natus
450 1565 521 1636 est,
541 1565 577 1622 et
595 1572 687 1620 xvtn
707 1548 834 1635 annis,
852 1563 1013 1645 tempore
1026 1547 1238 1639 Clementis,

176 1662 318 1735 Damasi
338 1678 375 1737 et
395 1664 525 1738 Leonis
546 1689 739 1762 paparum,
763 1662 840 1735 sine
858 1661 1051 1760 apostolica
1069 1661 1241 1738 henedic-

176 1778 279 1854 tione
296 1795 332 1853 et
348 1780 471 1880 pullio,
490 1776 778 1853 Rodomensibus
793 1778 997 1851 dominatus
1018 1796 1083 1851 est.
1103 1779 1240 1883 Volup·

177 1893 312 1969 tatibus
330 1896 447 1969 carnis
463 1895 725 1996 mundanisque
743 1895 839 1968 curis
856 1892 1064 1970 indecenter
1081 1897 1240 1991 inhaesit,

176 2011 366 2114 filiumque
382 2014 530 2088 nomine
543 2012 752 2086 Michatlem
766 2009 924 2112 probum
938 2012 1092 2086 militem
1106 2029 1142 2087 et
1157 2016 1242 2116 legi·

177 2127 311 2200 timum
326 2128 468 2229 genuit,
485 2155 592 2227 quem
607 2128 643 2199 in
658 2127 785 2228 Anglia
801 2131 876 2226 jam
891 2152 1014 2201 senem
1028 2154 1090 2201 rex
1108 2130 1242 2202 Henri-

177 2268 242 2317 cus
259 2243 417 2320 honorat
430 2272 470 2319 ac
483 2246 613 2345 diligit.
628 2246 733 2318 Tunc
749 2246 788 2317 in
801 2243 939 2318 mundo
955 2246 1081 2319 multae
1095 2245 1242 2322 tribula-

212 2559 256 2627 (ι)
274 2555 383 2624 limma,
399 2554 455 2611 filie
467 2554 504 2611 de
516 2553 641 2610 Richard
652 2554 697 2622 1³¹,
711 2555 813 2626 e'pousa
825 2571 861 2607 eu
875 2569 940 2607 roeo
953 2539 1098 2622 Ethelred,
1110 2552 1180 2610 dont
1191 2555 1243 2611 elle

175 2653 229 2703 mt
239 2631 603 2711 moram-tetenserseun
614 2641 712 2698 Alfred
721 2651 751 2699 et
767 2630 867 2709 Fdith,
886 2641 968 2697 Gode
980 2659 1018 2696 ou
1030 2641 1173 2712 Godiove,
1186 2663 1243 2700 ma-

177 2735 237 2793 fise
248 2736 266 2791 t
276 2734 382 2804 Dmm,
397 2745 488 2790 comte
498 2734 534 2790 de
549 2734 641 2792 Vexin
650 2743 680 2789 et
688 2731 840 2800 d’Amieus,
855 2730 1088 2804 puisiEustaehe
1096 2733 1138 2801 11,
1152 2745 1243 2790 eornte

177 2824 216 2882 de
225 2824 379 2899 Boulogue.
391 2824 450 2880 Eue
464 2843 493 2879 se
504 2825 623 2880 remam
630 2842 667 2880 en
682 2841 747 2898 ¹0¹7
759 2825 777 2877 t
786 2821 1045 2890 fimet-defined,
1056 2821 1127 2879 dont
1133 2823 1187 2880 elle
1195 2836 1244 2880 eut

175 2913 354 2973 Rudinum
373 2925 403 2970 et
420 2913 579 2983 Gunuilde,
599 2924 628 2971 et
649 2912 749 2989 qu’elle
767 2910 862 2986 perdit
885 2910 913 2968 le
935 2928 965 2966 m
984 2904 1133 2969 novembre
1160 2914 1242 2985 1036;

177 3005 261 3079 mre
271 3022 328 3061 une
339 3005 383 3061 vie
396 3005 452 3060 fort
465 3005 568 3079 agitem
583 3004 635 3060 elle
651 3013 766 3059 mourut
782 3002 988 3059 tWinohester
999 3002 1057 3060 126
1071 3023 1146 3079 mars
1160 3005 1243 3076 1052,

177 3104 210 3153 a
223 3092 271 3152 fut
284 3097 410 3152 eutemde
423 3095 491 3150 dnus
509 3094 536 3150 lu
551 3093 709 3151 amem-le
721 3092 757 3150 de
770 3103 842 3149 oette
853 3092 925 3148 vine.
940 3093 1146 3167 L'impe'rntriee
1163 3098 1243 3152 Gun-

179 3184 275 3257 tilde,
288 3203 318 3243 ιιι
331 3185 399 3255 fine,
412 3195 528 3242 mourut
538 3189 555 3241 i
565 3185 671 3260 Bruges
682 3185 709 3242 le
719 3201 750 3240 ιι
766 3183 834 3240 todt
845 3187 926 3250 1042,
941 3186 1074 3239 eutourde
1082 3184 1166 3241 d'une
1177 3186 1243 3242 telle

179 3277 339 3352 &putatior
351 3276 387 3332 de
394 3277 507 3346 beame,
520 3294 576 3351 que
587 3276 656 3333 trois
669 3276 763 3332 sidetes
772 3276 851 3349 apres
860 3292 898 3330 ou
910 3274 1050 3347 l’appelait
1061 3294 1161 3331 enoore
1170 3277 1241 3332 Pul-

180 3367 507 3444 cheminafimt'rrarum.

213 3458 256 3530 (u)
274 3458 400 3532 muger,
414 3456 503 3514 fils⁸de
511 3456 637 3514 Rimard
645 3457 675 3512 11
685 3467 715 3512 et
724 3456 759 3512 de
767 3454 861 3529 Papie.
872 3452 920 3510 On
928 3471 965 3509 ne
973 3454 1025 3508 seit
1036 3453 1141 3527 poiuti
1152 3456 1244 3531 quelle

180 3545 245 3605 dote
259 3549 366 3623 prdeise
379 3549 400 3604 il
416 3548 530 3604 meceda
542 3551 558 3603 i
570 3565 620 3604 ton
633 3547 725 3616 oncle,
742 3547 811 3601 meis
822 3545 843 3609 il
855 3554 897 3601 est
909 3555 1036 3602 consum
1051 3545 1120 3620 qu’il
1136 3547 1180 3602 fot
1193 3547 1244 3604 de'·

181 3637 324 3711 poddans
334 3639 360 3694 le
367 3638 473 3695 concile
480 3649 548 3694 tenu
560 3641 576 3693 ir
587 3638 697 3695 Lisieux
703 3656 741 3693 en
753 3634 829 3692 1055.
843 3635 948 3692 Sousle
957 3647 1072 3710 rapport
1083 3635 1132 3691 des
1140 3655 1245 3693 moeurs

181 3724 254 3782 etde
265 3725 293 3781 la
304 3725 468 3800 dissipatiou
480 3726 530 3782 des
538 3726 617 3783 biens
629 3724 665 3781 de
676 3725 779 3800 l'egliee
788 3724 824 3781 de
837 3724 949 3792 Retron,
961 3743 992 3779 ce
1002 3725 1046 3779 sut
1058 3724 1085 3781 le
1097 3727 1243 3783 continua·

184 3822 245 3871 kur
256 3813 307 3871 des
323 3814 462 3871 modales
477 3815 512 3871 de
525 3816 655 3889 Hugues,
668 3832 719 3871 son
732 3813 1000 3889 antepredeoesreur.
1014 3816 1104 3888 Apris
1113 3834 1143 3872 sa
1155 3817 1242 3891 de'po-

184 3902 280 3973 fflon,
293 3903 316 3959 il
327 3903 371 3959 sut
382 3903 494 3977 relegue
505 3903 574 3959 dans
584 3904 638 3958 ttte
647 3902 683 3959 de
691 3903 793 3972 Jersei,
808 3903 846 3958 ori
854 3901 998 3976 beuuooup
1009 3902 1045 3959 de
1055 3902 1202 3961 traditione
1213 3918 1242 3962 et

187 3992 273 4052 adme
282 3993 319 4050 de
333 3993 462 4050 filiatione
472 4012 501 4049 se
510 4004 672 4069 rapportent
682 3997 806 4049 emor-et
819 3993 867 4048 lui.
880 3992 935 4049 Sur
947 3991 986 4048 les
996 3994 1195 4051 circonstanoes
1207 3996 1244 4052 de

190 4096 214 4137 ι
227 4093 318 4153 mort,
339 4101 421 4156 noyez
439 4083 526 4139 Weee
544 4085 580 4154 (t
598 4102 631 4154 n,
646 4102 675 4157 p.
693 4083 724 4138 δι
741 4092 770 4138 et
789 4082 955 4154 mirantes),
969 4082 1032 4155 qui,
1048 4083 1197 4156 origimire
1208 4085 1245 4140 de

193 4168 286 4242 teret,
300 4173 412 4249 pouvait
423 4173 499 4228 avoir
508 4172 543 4228 de
555 4172 660 4228 bonnet
673 4172 865 4228 informatione
878 4189 925 4225 sor
938 4181 980 4226 oet
993 4172 1163 4228 erenement.
