2910 4980
188 404 296 482 [1067]
556 397 673 460 unns
693 397 885 472 Qutnrus.
1194 400 1253 461 rer

189 545 260 621 que
273 516 512 590 Guillermum
523 513 675 589 Osberni
692 513 808 587 filium
820 516 857 586 in
870 515 1030 589 exercitu
1041 541 1106 587 suo
1118 516 1251 613 praeci-

190 663 303 737 puum
316 633 483 734 reliquit,
494 659 647 733 eumque
660 633 806 706 vicesna
818 633 884 709 toti
897 632 1254 732 regnoversusAqui·

190 753 313 829 lonem
341 775 490 849 preesse
523 749 724 823 constituit.
758 749 933 844 Doveram
955 775 1043 822 vero
1068 762 1253 846 totamque

193 869 380 967 Cautiam(
389 865 546 963 dodoni
559 863 661 937 fratri
673 890 737 938 suo
752 863 1035 953 commendavit,
1057 864 1120 964 qui
1139 863 1252 937 multa

191 982 406 1057 liberalitate
422 997 458 1054 et
476 980 648 1053 industria
666 980 825 1054 saeculari
844 977 1013 1079 pollebat.
1033 979 1102 1052 His
1112 977 1253 1053 duobus

189 1098 442 1198 praefecturam
459 1097 599 1197 Angliae
616 1096 812 1179 commisit,
829 1112 866 1169 et
891 1097 1039 1169 cumeis
1062 1099 1253 1196 Hugonem

190 1215 233 1289 de
257 1213 576 1288 Grentemaisnilio
599 1229 634 1287 et
658 1215 848 1314 Hugonem
870 1213 914 1288 de
937 1211 1151 1286 Monteforti
1175 1214 1250 1311 (a),

189 1331 496 1432 Guillelmumque
511 1330 555 1405 de
575 1333 761 1421 Garenna‚
780 1332 939 1431 aliosque
957 1333 1150 1405 acerrimos
1172 1328 1252 1404 bel-

188 1450 318 1524 latores
339 1449 487 1523 dimisit.
507 1449 660 1541 Quidam
682 1474 808 1522 eorum
826 1446 1002 1546 subjectos
1026 1446 1252 1522 laudabiliter

189 1581 382 1653 rexerunt3
403 1565 570 1639 nonnulli
590 1591 676 1639 vero
694 1562 867 1641 modestia
889 1578 1048 1638 carentes
1072 1563 1252 1637 immode-

188 1696 263 1754 rate
278 1707 361 1755 suos
379 1699 647 1783 oppresserunt.

236 1799 368 1872 ILRex
379 1801 498 1900 itaque
507 1827 591 1875 cura
601 1803 702 1901 regni
713 1799 1185 1889 commissa,Penevesellum
1195 1799 1250 1896 (ὅ)

189 1942 225 1988 se
245 1917 401 2014 recepit,
429 1914 491 1989 ubi
515 1918 651 1991 multus
675 1917 821 1992 adeum
846 1919 1025 2018 equitatus
1048 1916 1251 2015 Anglorum

190 2030 372 2104 convenit.
392 2028 446 2103 tbi
465 2030 641 2129 militibus
656 2032 934 2131 repatriantibus
950 2033 1045 2131 larga
1061 2058 1171 2105 manu
1186 2036 1254 2107 sti·

190 2144 318 2243 pendia
330 2145 412 2219 data
425 2163 523 2222 sunt.
539 2148 675 2222 Solutis
690 2150 809 2250 itaque
825 2148 974 2222 navibus
988 2174 1109 2223 mense
1121 2147 1255 2221 martio

189 2289 252 2336 rex
263 2261 477 2339 Guillelmus
488 2266 524 2339 in
536 2266 698 2340 altricem
710 2284 841 2344 terram
850 2293 1020 2367 prospere
1029 2265 1252 2367 pervehitur,

189 2404 381 2478 secumque
398 2379 598 2456 honorifice
619 2382 767 2456 adduxit
785 2383 996 2483 Stigandum
1017 2380 1253 2480 archipraesu-

190 2495 279 2583 lem,
296 2494 476 2594 Edgarum
491 2497 685 2572 Adelinum
698 2500 856 2573 Eduardi
872 2502 965 2600 regis
978 2497 1252 2586 consobrinum,

190 2626 226 2685 et
247 2628 318 2684 tres
336 2613 548 2688 clarissimos
572 2617 739 2689 comites:
759 2616 964 2705 Eduinum,
987 2617 1196 2689 Morearum
1219 2629 1256 2686 et

189 2727 403 2805 Gualtevum
429 2733 505 2828 (4),
535 2732 761 2833 Egelnodum
792 2759 936 2834 quoqne
964 2734 1257 2809 Cantuariensem

190 2860 383 2945 satrapam,
400 2848 559 2948 aliosque
576 2849 778 2947 complures
792 2850 874 2922 altae
893 2848 1091 2924 nobilitatis
1105 2864 1141 2920 et
1153 2848 1257 2923 mirae
1360 2884 1362 2889 ¹

191 2960 484 3060 pulchritudinis.
510 2967 667 3065 Renigna
693 2966 884 3040 calliditate
902 2983 954 3041 est
978 2994 1082 3053 usus,
1111 2980 1151 3038 ut
1175 2966 1259 3064 ipsis

192 3075 399 3153 auctoribus
417 3079 508 3153 nihil
530 3081 597 3154 sub
615 3081 796 3159 decessum
814 3109 919 3155 suum
939 3096 1148 3169 novaretur,
1173 3106 1259 3178 gens

194 3219 279 3267 vero
298 3209 373 3267 tota
389 3197 510 3267 minus
526 3197 570 3268 ad
586 3195 821 3271 rebellionem
837 3198 971 3271 valeret
988 3198 1135 3295 spoliata
1157 3196 1259 3293 prin-

195 3308 345 3410 cipibus.
364 3313 528 3414 Denique
545 3314 686 3387 divitias
710 3343 788 3389 suas
808 3333 844 3389 et
867 3315 1024 3391 honores
1041 3315 1091 3387 cis
1111 3314 1148 3384 in
1165 3312 1258 3385 Nor-

195 3430 338 3505 mannia
350 3430 530 3523 ostendit,
549 3448 590 3504 ut
605 3459 666 3507 eos
682 3435 781 3507 velut
798 3432 937 3507 obsides
958 3433 994 3503 in
1011 3444 1186 3529 potestate
1199 3453 1261 3505 suu

198 3571 314 3621 secum
326 3564 485 3638 teneret,
503 3575 662 3649 quorum
676 3552 868 3626 auctoritas
881 3550 935 3622 vel
945 3549 1037 3620 salus
1047 3545 1262 3646 propinquis

200 3680 233 3734 et
248 3665 497 3763 compatriotis
514 3670 659 3738 maximi
679 3685 781 3741 esset.

233 3929 269 3998 (ι)
289 3929 326 3983 Le
337 3932 428 3984 comte
442 3929 477 3983 de
490 3930 572 3986 Kcut.

234 4016 271 4086 (a)
288 4016 420 4088 linques,
433 4017 563 4089 seigneur
572 4018 607 4073 de
618 4019 922 4073 Montfort·sur-Risle.

236 4101 271 4174 (3)
289 4104 435 4178 Peuensey.
994 4152 1008 4174 ,

237 4191 272 4261 (l)
291 4192 448 4263 Waltheot,
465 4206 555 4250 comte
569 4195 603 4252 de
615 4197 822 4271 Nortbampton
834 4208 861 4252 et
874 4196 1096 4269 d’Huntingdon.
