2910 4980
198 391 306 469 [sose]
573 387 689 451 umen
709 387 886 451 sanstus.
1220 394 1261 454 sr

198 509 463 598 luimillimam,
482 524 516 580 et
533 512 731 583 orationem
743 537 813 611 pra
828 537 938 612 posse
955 510 1132 584 deuotam.
1153 512 1260 611 Quo-

197 626 301 699 niam
321 641 409 699 ante
429 651 550 698 amnes
572 643 607 703 et
623 651 734 726 super
751 653 875 700 omnes
893 627 1054 700 ecclesiae
1071 634 1259 728 proelatos,

196 740 357 817 Domine
378 759 501 844 pater,
515 750 686 843 ‘nestram
713 760 766 816 est
793 746 832 816 in
861 746 1022 818 uniuerso
1046 746 1128 818 arbe
1155 753 1263 820 totius

196 856 473 933 christianitatis
488 850 766 931 sollicitudinem
779 887 921 958 gerere,
935 863 1143 935 animarum
1159 863 1263 938 lucra

196 975 344 1055 ardenti
362 975 541 1048 desiderio
559 1000 740 1074 quarere,
765 977 1017 1052 discordantes
1037 979 1091 1051 ad
1110 1006 1263 1054 concor·-

195 1089 302 1163 diam
318 1105 442 1162 vestra
460 1090 675 1162 auctoritate
692 1116 885 1176 reuocare,·
904 1092 1042 1165 idcirco
1060 1120 1128 1191 ego
1147 1095 1263 1169 abbas

194 1207 360 1304 ignatus,
380 1205 476 1275 intra
496 1207 676 1302 gremium
698 1222 816 1276 tamen
834 1222 962 1277 vestrae
985 1209 1164 1280 custodiae
1180 1237 1263 1282 ma-

195 1344 308 1408 nens,
323 1318 389 1393 ad
408 1346 475 1395 aas
497 1337 672 1418 tanquam
692 1321 746 1392 ad
762 1320 1073 1393 clementissimum
1096 1325 1265 1397 consola-

197 1455 312 1513 torem
320 1494 333 1527 ,
360 1453 489 1537 aperta
512 1463 623 1526 uoce,
648 1462 700 1508 eac
721 1453 794 1509 toto
816 1439 899 1509 nisu
921 1442 1048 1509 mentis
1070 1439 1261 1528 exclama,

188 1552 473 1655 pmesfunda,
495 1551 668 1626 solatium
687 1553 861 1653 implora,
883 1570 922 1624 nt
943 1579 998 1625 me
1015 1559 1264 1653 pergratiam

194 1684 355 1757 anunm
372 1696 397 1743 a
414 1668 576 1768 quadarn
592 1669 730 1741 ordinis
746 1671 862 1740 nostri
867 1669 1118 1767 fluctuatione
1122 1727 1136 1760 ,
1153 1698 1262 1771 qnam

189 1789 332 1889 patiar,
359 1786 558 1863 secundum
587 1787 838 1859 rectitudinem
867 1788 1098 1859 auctoritatis
1129 1791 1265 1888 eripere

195 1903 413 2004 diffitemini.
430 1903 548 2002 Cujus
552 1903 812 2000 fluctuationis
829 1930 944 1976 causa
960 1903 1040 1976 lucc
1052 1921 1119 1977 est.
1135 1906 1266 1979 Sancti

195 2018 343 2119 Ebrulfi
359 2018 546 2099 abbatiam
571 2022 706 2120 (quam
726 2046 794 2119 ego
818 2047 916 2093 nunc
937 2023 1056 2115 tenea)
1079 2023 1263 2120 quandam

193 2138 509 2223 antem-damnus
518 2136 634 2209 abbas
644 2137 849 2211 Radbertus
860 2139 1155 2235 consanguineus
1164 2141 1220 2212 W
1221 2141 1263 2212 il-

196 2250 299 2327 teins·
319 2251 528 2327 Namarini
550 2251 677 2323 militis
686 2294 691 2303 -
692 2250 823 2351 fidelis
846 2253 959 2323 uestri
988 2233 1171 2338 tenuerat;
1197 2255 1265 2326 sed

195 2367 357 2466 quadarn
380 2367 568 2441 contraria
592 2365 667 2441 sibi
694 2369 922 2466 contingente
948 2392 1028 2438 earn
1058 2368 1204 2467 reliquit
1228 2387 1262 2440 et

193 2480 376 2559 discessit.
395 2485 573 2582 Princeps
592 2500 713 2557 autem
727 2485 927 2584 provincia
941 2498 977 2554 et
985 2483 1140 2585 proelati
1152 2485 1262 2557 eccle·

193 2602 341 2685 sicima
366 2602 552 2677 ineadem
574 2601 650 2673 laco
672 2599 839 2673 abbatem
865 2603 1138 2688 constituerunt,
1163 2617 1197 2672 et
1222 2618 1261 2672 ut

193 2716 284 2793 mibi
305 2716 505 2819 superbae
527 2719 725 2818 trepidanti
748 2731 979 2788 asseruerunt
1008 2732 1041 2786 et
1071 2735 1256 2807 asserunt,

193 2834 566 2943 mffia‘aetsecundum
582 2835 702 2906 Deum
719 2859 777 2905 me
790 2832 1055 2907 ordinaverunt
1056 2864 1081 2919 ,··
1090 2836 1212 2907 rwsci'a
1226 2839 1262 2908 si

191 2948 320 3045 am
335 2949 476 3023 dicunt.
496 2951 579 3023 Hoc
600 2950 716 3024 solum
735 2970 786 3021 esa
803 2975 886 3022 mea
902 2950 1257 3050 canscientiafirmi-

192 3068 338 3140 ursaia
347 3076 368 3152 ,Ἀ
382 3069 471 3166 quia
487 3094 559 3139 nan
568 3094 697 3167 prece,
716 3093 790 3139 nan
807 3068 925 3166 pretia
932 3122 945 3155 ,
964 3064 1257 3170 nonsamiliari-

192 3197 288 3272 lato,
312 3207 387 3254 non
409 3181 603 3281 obsequio,
625 3207 703 3254 nec>
716 3180 826 3253 ullius
848 3181 1064 3254 calliditatis
1086 3184 1252 3279 ingenia,

191 3298 258 3371 sed
271 3297 353 3370 salo
369 3296 585 3369 obedientice
595 3314 783 3400 praecepta
801 3298 998 3395 (quantum
1018 3296 1073 3369 ad
1089 3294 1166 3392 me)
1185 3296 1254 3369 ab-

191 3410 286 3485 batis
308 3437 437 3505 namen
460 3428 494 3484 et
514 3439 602 3485 anus
624 3414 788 3512 suscepi,
809 3429 843 3482 et
859 3411 1093 3510 suscipiendo
1112 3409 1253 3481 nullam

191 3528 415 3602 cabanariam
426 3529 565 3602 audiui.
581 3527 763 3626 Prasatus
775 3553 860 3626 ergo
875 3526 1078 3599 Radbertus
1094 3523 1211 3597 abbas
1225 3554 1252 3600 a

189 3645 293 3719 nobis
309 3645 417 3745 longe
432 3661 637 3747 asportatus
653 3647 692 3716 in
713 3645 902 3743 prouincia
921 3639 1108 3714 Calabriae
1125 3641 1250 3740 cujus-

189 3762 274 3835 darn
292 3765 507 3835 monasterii
517 3778 627 3862 pater
638 3776 691 3832 est
707 3761 855 3857 &fictus
861 3813 874 3845 ,
892 3775 926 3828 et
943 3755 996 3826 ibi
1008 3757 1169 3854 graviter
1183 3757 1249 3828 ad-

189 3904 324 3952 eersum
340 3905 396 3952 me
414 3882 471 3951 ira
492 3879 645 3979 odioque
665 3896 833 3966 mouetur,
857 3875 1116 3961 calumniatur,
1142 3898 1247 3945 corn-

188 3997 367 4084 minatur,
403 3996 527 4070 dicens
559 4024 616 4069 me
645 3995 765 4067 lacum
790 4018 894 4066 suum
921 3994 1094 4065 inuasisse
1121 4007 1247 4063 cantra

190 4112 317 4185 Deum.
334 4114 399 4186 En
416 4140 490 4212 qua
507 4112 724 4186 dissentione
740 4129 774 4183 et
786 4112 923 4183 animce
938 4109 1163 4182 subditarum
1181 4109 1246 4183 uti·

258 4253 297 4303 ιι.
1078 4251 1096 4326 7
