2910 4980
556 424 674 487 LIBER
694 423 888 500 QUARTUS.
1199 427 1256 484 201

189 545 452 648 quinquaginta
469 545 644 618 sexennis
659 541 939 642 custodivit(r),
954 539 1087 640 quibus
1098 541 1258 641 regimen

190 664 375 739 induratu
388 661 625 737 Normanniae
638 686 699 736 seu
711 685 825 760 regno
834 660 975 760 Angliee¹
987 659 1118 747 tenuit,
1130 675 1166 733 et
1178 659 1261 732 inde

188 781 400 882 religiosum
424 804 564 865 morem
588 794 625 854 et
645 777 851 879 exemplum
876 776 1030 877 posteris
1052 776 1259 876 dereliquit.

190 896 434 973 simoniacam
452 893 617 969 baeresim
632 892 852 970 omnimodis
870 890 1109 981 abhorrebat,
1129 908 1165 965 et
1181 890 1261 965 ideo

191 1017 230 1088 in
247 1014 419 1114 eligendis
438 1010 628 1085 abbatibus
642 1013 697 1086 vel
716 1011 890 1111 episcopis
907 1036 982 1084 non
1003 1024 1076 1081 tam
1093 1035 1178 1109 opes
1199 1034 1261 1082 seu

190 1133 411 1232 potentiam,
435 1157 544 1231 quam
560 1131 786 1205 sanctitatem
805 1145 840 1203 et
859 1129 1071 1229 sapientiam
1087 1153 1263 1226 persona-

190 1273 275 1329 rum
293 1245 554 1323 considerabat.
581 1244 753 1327 Probatos
777 1247 912 1321 virtute
934 1271 1104 1345 personas
1129 1270 1263 1318 coeno-

191 1362 261 1437 biis
276 1364 417 1464 Angtiae
433 1363 618 1462 proelecit3
639 1388 798 1467 quornm
812 1364 933 1436 studio
949 1378 985 1436 et
1001 1363 1121 1461 rigore
1137 1387 1264 1434 mona-

191 1478 317 1553 ebatus
343 1480 426 1580 (qui
443 1483 520 1579 jam
544 1476 810 1580 aliquantulum
838 1479 1024 1580 tepuerat)
1049 1479 1180 1551 revixit
1188 1506 1199 1567 ς
1227 1491 1265 1549 et

192 1597 256 1698 qui
272 1596 440 1672 defecisse
457 1596 659 1682 videbatur,
677 1595 721 1695 ad
741 1595 936 1696 pristinum
956 1593 1073 1670 robur
1090 1595 1259 1669 surre'xit.

241 1714 458 1814 [596-870.]
475 1712 695 1814 Augustinus
709 1714 807 1788 enim
820 1729 855 1786 et
869 1715 1083 1787 Laurentius
1096 1713 1168 1812 (a),
1187 1711 1264 1784 alii·

193 1856 266 1930 que
274 1832 384 1930 primi
398 1831 650 1931 praetlioatores
659 1831 861 1931 Anglorum
870 1829 1037 1904 monachi
1051 1831 1213 1919 luerunt,
1227 1847 1264 1904 et

193 1947 231 2019 in
250 1947 439 2047 episcopiis
456 1949 528 2020 suis
547 1949 622 2022 vice
638 1949 900 2023 canonicorum
918 1947 1036 2048 (quod
1049 1949 1108 2019 vir
1125 1948 1163 2019 in
1186 1947 1264 2020 aliis

194 2064 302 2137 terris
319 2064 526 2161 invenitur)
542 2064 739 2139 monachos
754 2066 810 2165 pie
827 2065 1109 2138 constituerunt.
1128 2062 1280 2137 Coeno·*

194 2176 252 2251 bia
279 2179 391 2250 multa
418 2196 456 2253 et
487 2181 657 2280 praeclara
687 2197 990 2270 construxerunt,
1021 2196 1058 2253 et
1082 2181 1264 2254 conversis

194 2296 360 2371 instituta
398 2297 572 2396 regularia
599 2295 718 2371 verbis
750 2313 789 2373 et
821 2297 993 2397 exemplis
1022 2297 1263 2370 tradiderunt.

194 2413 385 2513 Magnifice
406 2414 517 2514 igitur
533 2414 746 2488 monachilis
764 2415 856 2488 ordo
872 2415 953 2513 plus
969 2441 1076 2516 quam
1100 2413 1266 2487 ducentis

194 2530 298 2602 annis
325 2532 362 2602 in
391 2530 520 2630 Anglia
546 2529 692 2621 lloruit,
719 2549 756 2607 et
781 2531 982 2605 Christiana
1010 2532 1138 2631 religio
1165 2557 1265 2630 reges

195 2644 398 2747 bogiorum
429 2646 663 2723 Edelbertum
691 2665 728 2722 et
755 2649 961 2738 Eduinum,
994 2650 1199 2726 0swaldnm
1229 2665 1265 2722 et

194 2758 336 2854 Ossam,
356 2763 515 2863 aliosque
528 2762 647 2862 plures
660 2763 815 2838 feliciter
828 2766 1009 2853 coercuit,
1027 2781 1064 2838 et
1073 2763 1267 2837 sulubriter

194 2878 231 2953 in
239 2896 406 2952 montem
418 2860 754 2954 virtntnm'sustulit
761 2911 772 2971 3
784 2881 900 2957 donec
912 2880 1125 2955 Edmundus
1136 2883 1265 2955 Estan·

193 2997 338 3096 plorum
359 3023 421 3070 rex
447 3024 530 3069 cum
555 2997 632 3072 aliis
656 2999 798 3073 duobus
820 3000 961 3099 Angliae
987 2998 1134 3102 regibus
1156 3027 1266 3099 paga·
1343 3073 1344 3076 ,

194 3137 327 3189 uorum
356 3111 477 3212 gladio
503 3131 644 3214 martyr
667 3115 841 3189 occubuit
872 3117 945 3216 (3)
977 3119 1084 3189 Tunc
1117 3114 1264 3188 Etbnici

226 3397 267 3468 (ι)
283 3394 326 3451 Ge
337 3393 436 3449 cbillre
448 3405 490 3449 est
501 3394 646 3471 beanewp
657 3408 721 3472 trop
735 3397 819 3453 elene.
831 3397 952 3453 D'abord
965 3397 1126 3454 Guillanmc
1137 3397 1181 3451 n'a
1195 3415 1265 3470 gou-

197 3487 277 3543 terne
291 3483 320 3540 la
337 3482 508 3540 Normendie
520 3503 576 3559 que
591 3487 826 3562 cinquante-deux
844 3505 908 3556 ans,
923 3498 952 3542 et
970 3488 989 3542 il
1007 3487 1077 3541 n’est
1086 3504 1135 3559 pas
1147 3485 1266 3558 possible

197 3574 263 3651 qu'il
274 3575 315 3630 ait
327 3577 444 3648 apperte
455 3573 507 3631 des
517 3575 588 3652 l'alge
605 3577 719 3633 debuit
735 3597 785 3633 ans
798 3589 858 3633 taut
874 3578 909 3633 de
922 3579 983 3633 sein
997 3578 1065 3633 dans
1079 3577 1105 3634 le
1122 3577 1204 3632 choix
1217 3576 1266 3632 des

198 3663 312 3739 aveque
322 3673 352 3719 et
362 3662 412 3718 des
423 3662 516 3721 shuts.

228 3754 269 3826 (a)
286 3754 341 3810 Ces
359 3753 580 3822 missionnaires‚
591 3757 709 3829 envoyes
721 3774 772 3829 prr
784 3756 858 3812 saint
869 3756 1180 3830 Gregoioele-Grand,
1194 3757 1264 3810 arri-

198 3842 291 3899 serent
301 3859 338 3897 en
347 3842 513 3917 Angleterre
528 3862 564 3898 en
576 3841 639 3918 596
652 3845 792 3918 Angustia
802 3854 831 3900 ct
843 3845 964 3900 Laurent
976 3847 1145 3918 ooeuperent
1156 3862 1264 3899 succes·

198 3933 331 3989 sirement
343 3931 369 3986 le
379 3933 454 4007 sie'gc
467 3934 608 4007 primatial
621 3934 657 3990 de
669 3934 854 4007 Canterbury.

228 4018 270 4095 (5)
288 4022 327 4077 be
337 4032 462 4079 meurtre
473 4006 509 4078 be
525 4024 596 4079 saint
611 4024 739 4080 Edmond
754 4036 804 4081 ent
820 4025 876 4083 lien
888 4025 915 4081 le
931 4043 965 4080 ao
978 4026 1128 4081 novembre
1142 4026 1203 4099 870.
1217 4026 1268 4079 Les

199 4107 269 4165 teus
280 4118 374 4167 autres
385 4110 442 4166 rois
454 4111 588 4186 auanels
603 4113 623 4168 il
638 4124 680 4168 est
694 4114 745 4171 fair
761 4113 880 4171 allusion
896 4115 931 4170 ici
945 4125 1008 4169 sont
1021 4115 1125 4171 Osbert
1138 4124 1166 4169 et
1176 4113 1264 4180 AElla,

199 4200 395 4276 competitenrs
407 4219 442 4255 au
451 4202 532 4259 trisne
544 4202 579 4258 de
592 4203 616 4258 la
630 4205 846 4275 Nortbnnrbrie‚
859 4209 920 4262 tues
933 4205 1035 4280 parles
1047 4206 1150 4263 Danais
1159 4225 1194 4260 cn
1205 4204 1265 4260 866.
