2910 4980
432 374 550 437 iruna
571 373 753 450 Quintus.
1081 377 1137 439 401

90 493 219 569 olliciti
237 489 547 565 xenodochiorum
562 489 823 590 dispensatores
839 490 965 579 laicos,
985 507 1028 564 ut
1043 492 1142 565 deci-

90 635 150 684 nas
172 607 341 684 Ecclesiae
365 609 432 680 Dei
459 605 671 695 redderent,
698 608 988 696 admonuerunt,
1018 610 1141 710 eisque

90 725 335 828 [coquomodo
360 724 501 798 auferre
526 723 709 812 ardentes,
738 726 922 825 ingentem
950 729 1139 825 pecuniam

90 841 274 929 ledarum,
310 841 514 939 ignorantes
541 838 638 940 quod
662 838 908 915 venditionem
939 839 1139 940 hujusmodi

90 975 113 1032 u
140 958 363 1058 emptionem
386 958 475 1029 sacri
500 982 654 1031 canones
678 957 831 1031 omnino
857 956 1138 1058 prohibuerunt.

89 1076 192 1151 .’orro
210 1075 248 1148 in
268 1074 451 1147 modernis
468 1072 574 1148 ctiam
597 1072 759 1146 conciliis
776 1074 865 1145 sacri
882 1074 1051 1173 praesules
1071 1074 1143 1145 illi-

90 1193 191 1265 titum
207 1191 485 1266 mercimonium
501 1189 726 1264 anathemate
737 1191 989 1290 perculerunt,
1007 1192 1068 1264 sed
1085 1219 1144 1265 re-

90 1324 202 1410 pectu
216 1307 473 1382 misericordiae
490 1309 695 1408 praeteritos
710 1323 828 1381 reatus
843 1309 1089 1396 indulserunt,
1108 1325 1144 1382 et

90 1450 134 1501 es
143 1478 155 1515 ‚
175 1451 262 1525 quas
276 1425 432 1500 Ecclesia
450 1440 538 1497 tunc
557 1423 779 1523 possidebat,
802 1426 1011 1524 perenuiter
1026 1426 1145 1524 possi-

90 1540 209 1616 lendas
225 1541 424 1642 pontificali
442 1543 655 1615 auctoritate
673 1557 939 1617 concesserunt.

125 1657 326 1733 Mediocrcs
343 1658 413 1729 riri
436 1657 643 1732 Uticensem
667 1656 847 1731 abbatiam
866 1660 905 1731 in
925 1659 1037 1733 sterili
1061 1685 1146 1731 rure

90 1773 234 1852 tondere
244 1791 451 1876 coeperunt,
467 1792 663 1876 tenuesque
676 1803 747 1869 res,
762 1776 902 1878 iateque
914 1777 1086 1877 dispersas
1103 1778 1145 1849 ad

90 1893 217 1967 rictum
231 1891 386 1965 fratrum
398 1896 501 1992 juxta
518 1891 807 1967 mediocritatem
823 1895 877 1966 sui
895 1894 1144 1969 contuleruut.

90 2005 248 2108 Judique
264 2007 373 2080 vicini
391 2022 598 2106 paupertate
613 2025 845 2108 premuntur,
864 2024 900 2082 et
916 2024 1068 2110 egestate
1083 2036 1146 2082 nc·

90 2125 264 2226 {vitiaque
281 2125 451 2212 lacessiti,
468 2125 559 2199 dolis
572 2143 609 2200 et
622 2126 729 2199 sur-tis
743 2141 851 2227 atquc
867 2129 1002 2228 rapinis
1016 2129 1148 2201 instare

90 2243 285 2316 noliuutur
293 2272 304 2334 3
318 2244 414 2317 unde
424 2244 608 2318 Uticenses
620 2243 789 2319 monachi
802 2245 846 2318 de
859 2245 1062 2347 longinquo
1076 2248 1148 2319 vic·

90 2384 160 2431 mm
181 2357 271 2450 sibi,
296 2358 568 2462 hospitibusque
585 2360 856 2435 advenientibus
873 2390 1070 2462 procurare
1087 2391 1151 2439 co-

90 2491 229 2575 guntur.
248 2479 408 2565 Verum,
427 2484 511 2578 quia
526 2479 681 2579 regulari
699 2478 931 2580 disciplinaea
948 2481 1150 2582 primordio

92 2594 319 2669 nstitutionis
336 2622 410 2668 suae
427 2597 619 2695 mancipati
637 2613 743 2683 suut,
770 2600 901 2671 summi
925 2625 1091 2699 proceres
1115 2617 1151 2672 et

90 2710 235 2810 religiosi
253 2712 423 2811 praesules
441 2737 502 2786 eos
521 2712 746 2800 dilexerunt,
771 2715 933 2817 datisque
957 2715 1065 2791 rebus
1082 2743 1150 2791 ne-

90 2825 238 2901 usuriis
252 2829 288 2901 in
304 2829 470 2916 decimis,
486 2830 713 2931 ecclesiisque
725 2848 761 2904 et
773 2831 852 2904 aliis
868 2830 1149 2923 donationibus,

90 2941 235 3017 ideiiter
251 2948 407 3019 venerati
427 2965 525 3019 sunt.

130 3061 305 3137 nadulfus
331 3064 441 3163 igitur
463 3064 507 3137 de
528 3064 780 3165 Concbis(1),
812 3066 906 3138 filius
934 3069 1079 3167 Rogerii
1108 3068 1152 3140 de

90 3177 397 3277 l'oenia,.qnifuit
409 3178 707 3255 Normannorum
719 3182 875 3257 famosus
887 3183 1049 3282 signifer,
1069 3209 1152 3255 cum

90 3293 193 3368 teilet
213 3295 258 3366 in
273 3296 479 3394 Hispaniam
500 3297 700 3396 proficisci,
717 3299 865 3370 Uticum
883 3301 1037 3372 venitin
1057 3300 1151 3399 capi·

90 3411 203 3485 tulum
220 3413 257 3485 S.
277 3411 437 3501 Ebrulfi,
458 3431 494 3486 et
510 3442 528 3487 a
546 3416 724 3491 Maiuerio
740 3415 869 3490 abbate
889 3419 1030 3490 veniam
1048 3419 1154 3517 petiit

90 3545 121 3603 et
133 3556 154 3610 a
168 3545 351 3604 conventu
365 3529 647 3619 monachorum,
664 3532 763 3632 quod
781 3534 855 3631 ipse
864 3532 1076 3632 jamdudum
1091 3534 1154 3607 ad-

121 3899 160 3970 (r)
177 3897 268 3953 Raoul
282 3899 310 3953 11
320 3899 355 3955 de
368 3901 468 3955 Toeui.
481 3901 536 3956 Son
547 3903 613 3974 pere
624 3900 719 3974 Roger
728 3901 800 3955 avait
813 3899 863 3956 fait
875 3902 947 3956 aussi
959 3919 996 3955 uu
1008 3918 1111 3975 voyage
1120 3920 1154 3956 en

90 3988 224 4065 Faepague,
234 4008 342 4048 comme
351 4010 421 4047 nous
431 3991 532 4048 l’avons
545 4011 581 4047 vu
593 3991 738 4061 cidessus,
752 4001 774 4046 t.
787 4010 805 4059 ι,
820 4011 848 4064 p.
867 3993 925 4047 181.
937 3992 1007 4045 L’uu
1019 4002 1049 4046 et
1058 3991 1156 4047 l'antrc

90 4090 189 4135 curem
201 4079 228 4135 ie
241 4080 308 4136 titre
319 4081 354 4137 de
370 4082 597 4155 porte-etendard
611 4082 646 4136 dc
658 4081 839 4138 Normandie.

164 4195 203 4242 n.
966 4175 1012 4245 26
