2910 4980
489 471 494 486 .
557 429 673 489 LIBER
693 427 876 503 QUINTUS.
1195 435 1254 496 ⁴23

191 555 292 654 genio
307 567 343 624 ot
357 549 512 623 Arnullo
528 548 687 647 singulos
701 549 892 622 comitatus
907 548 923 646 ζ
929 549 964 645 1)
983 548 1129 622 callidus
1148 549 1253 628 heros

193 669 230 740 in
247 668 320 739 rita
336 693 397 737 sua
411 664 637 763 procuravit,
656 689 747 762 quos
760 678 842 760 post
857 665 932 761 ejus
948 688 1113 736 occasum
1128 666 1255 741 ambo-

193 784 261 856 bus
277 781 445 883 perfidia,
464 795 639 881 regnante
656 780 830 870 llenrico,
849 780 1040 854 confestim
1058 780 1218 856 abstulit.

239 903 297 973 En
323 899 577 999 digressionem
604 898 970 997 quantulamcumque
998 899 1067 973 feci
1093 900 1137 974 de
1151 926 1256 974 con-

191 1017 392 1089 structione
408 1014 636 1099 monasterii,
651 1013 750 1112 quod
767 1015 804 1086 in
818 1012 933 1088 fundo
947 1017 1059 1112 patris
1071 1017 1141 1089 mei
1158 1042 1255 1089 nunc

192 1132 369 1206 inhabitat
386 1131 518 1204 familia
535 1130 688 1216 Christi,
707 1147 744 1203 et
759 1130 821 1202 ubi
837 1132 910 1229 ipse
925 1133 1070 1229 genitor
1084 1158 1184 1206 meus
1198 1135 1256 1231 (ut

191 1250 362 1344 memini)
378 1253 453 1347 jam
469 1247 714 1346 sexagenarius
736 1263 865 1345 sponte
883 1245 955 1319 fine
978 1262 1080 1321 tenus
1098 1250 1257 1346 portavit

188 1372 314 1464 jugum
327 1365 488 1437 Domini.
501 1367 621 1450 Parce,
639 1388 774 1461 quaes0‚
794 1361 890 1435 hone
908 1363 1038 1455 lector,
1051 1390 1117 1436 nec
1129 1365 1255 1439 moles·

193 1497 271 1553 tum
290 1480 354 1554 tibi
372 1482 430 1567 sit,
444 1507 587 1578 precor,
606 1481 632 1551 si
649 1479 692 1552 de
709 1495 809 1577 patre
824 1506 906 1554 meo
918 1480 1053 1580 aliquid
1069 1484 1255 1557 memoriae

193 1597 401 1671 tradiderim
417 1599 636 1685 litterarum3
647 1623 764 1704 quem
782 1623 857 1670 non
870 1597 963 1689 vidi,
976 1625 1019 1672 ex
1030 1625 1106 1699 quo
1121 1626 1197 1687 me,
1215 1617 1256 1672 ut

190 1742 339 1790 exosum
359 1716 425 1787 sibi
443 1717 651 1815 privignum
669 1731 705 1787 ct
728 1740 797 1813 pro
817 1740 939 1788 amore
962 1717 1161 1804 Creatoris,
1190 1743 1256 1814 pe-

189 1831 283 1931 pulit
304 1830 516 1902 inexilium.
533 1830 610 1900 Jam
623 1853 696 1900 xmr
710 1831 794 1900 anni
813 1844 914 1916 sunt,
932 1830 970 1901 in
986 1829 1118 1929 quibus
1130 1831 1255 1904 multas

192 1950 409 2021 mutationes
431 1972 552 2020 rerum
581 1947 649 2019 late
671 1973 736 2046 per
757 1945 885 2020 orbem
911 1947 1015 2019 factae
1038 1964 1135 2019 sunt.
1160 1952 1256 2021 Dum

191 2093 286 2165 saepe
301 2065 345 2139 de
363 2063 417 2137 his
434 2066 572 2163 cogito,
593 2080 629 2136 et
650 2064 816 2164 quaedam
837 2064 969 2136 chartis
994 2064 1113 2138 insero
1138 2067 1257 2163 (caute

192 2183 358 2255 resistens
380 2182 494 2276 otio),
514 2181 564 2251 sic
582 2178 720 2251 dictans
735 2206 793 2252 me
818 2205 979 2253 exerceo.
1007 2179 1113 2255 Nunc
1129 2182 1173 2253 ad
1196 2184 1257 2254 in·
1348 2269 1355 2275 ι

191 2313 351 2395 coeptam
373 2311 532 2369 revertar
555 2296 762 2382 materiam,
785 2297 944 2394 meisque
964 2295 1172 2394 junioribus
1194 2296 1257 2369 cd-

191 2437 281 2485 vena
298 2412 474 2511 indigenis
486 2409 531 2484 de
544 2410 650 2484 rebus
662 2412 747 2501 suis,
760 2437 841 2511 quae
856 2412 1037 2500 nesciunt,
1052 2411 1254 2503 edisseram,

191 2545 228 2601 et
248 2528 316 2601 hoc
335 2532 383 2602 cis
402 2529 512 2601 modo
530 2527 680 2614 utiliter,
701 2528 901 2625 opitulante
919 2529 1007 2615 Deo,
1027 2529 1191 2602 serviam.

241 2646 325 2719 XV.
354 2643 862 2744 [Grnca1075.]Goisbertus
890 2645 976 2716 civis
1004 2646 1253 2735 carnotensis,

191 2779 234 2836 ut
249 2764 387 2834 dictum
404 2776 457 2835 est
470 2764 547 2859 (a),
566 2760 610 2833 ad
627 2763 899 2835 conversionem
920 2762 1044 2851 venit,
1066 2763 1257 2860 optimam-

190 2905 262 2979 que
276 2878 443 2963 domum,
463 2901 570 2976 quam
590 2877 626 2948 in
645 2876 736 2950 urbe
756 2875 941 2965 habuerat,
962 2901 1037 2949 xxx
1054 2876 1156 2950 libris
1172 2879 1257 2951 Car-

192 2996 399 3068 notensium
425 2993 606 3080 vendidit,
633 3008 822 3092 totumque
845 2994 1004 3093 pretium
1027 2994 1255 3070 Uticensibus

192 3127 342 3184 ovanter
350 3109 487 3183 retulit.
501 3109 568 3181 Hic
578 3123 653 3182 erat
666 3124 799 3180 statura
810 3135 982 3208 procerus
994 3125 1030 3183 et
1042 3111 1157 3198 exilis,
1173 3137 1256 3184 mo-

190 3225 292 3298 ribus
308 3226 486 3326 benignus
504 3241 540 3298 ct
559 3223 770 3314 tractabilis,
784 3227 1033 3325 magnanimus
1044 3242 1081 3298 et
1095 3225 1251 3325 dapsilis.

191 3344 237 3414 Et
257 3344 342 3441 quia
361 3344 547 3416 medicinae
564 3342 649 3414 artis
666 3359 742 3416 erat
758 3343 1012 3442 peritissimus,
1035 3342 1158 3415 multis
1179 3360 1251 3417 erat

190 3476 299 3532 notus
315 3475 351 3532 et
375 3459 590 3533 necessarius
608 3484 648 3529 ac
665 3457 850 3531 familiaris
873 3460 1021 3531 amicus.
1043 3458 1112 3531 Per
1137 3459 1255 3558 ipsum

192 3576 312 3676 itaque
322 3574 530 3648 Fulcherius
542 3573 771 3647 Carnotensis
787 3591 823 3648 et
839 3575 966 3648 Petrus
977 3573 1020 3648 de
1034 3575 1166 3648 Manlia
1184 3577 1200 3673 (
1225 3578 1252 3673 ),

191 3691 324 3791 aliique
341 3692 462 3789 plures
478 3690 647 3763 notitiam
660 3689 884 3762 Uticensium
897 3690 1088 3789 amplexati
1103 3706 1201 3784 sont,
1217 3707 1253 3765 et

223 4003 263 4074 (ι)
282 4001 331 4056 Les
343 4001 447 4055 comtes
457 3999 492 4053 de
506 4000 649 4054 lancastre
661 4008 690 4052 et
702 3996 738 4053 de
751 3996 913 4052 Pembrolte.

225 4091 264 4162 (a)
282 4089 375 4162 Voyez
387 4088 534 4157 ci-dessus,
550 4109 577 4162 p.
591 4085 644 4161 396
656 4097 685 4143 et
699 4091 758 4153 lca.

224 4177 264 4251 (3)
283 4178 388 4249 Maule,
401 4179 491 4250 bourg
506 4197 553 4234 sur
568 4177 594 4231 la
608 4177 733 4234 Mauldre
746 4173 989 4248 (scincet-Oine).
