2926 4980
205 348 266 408 sss
479 342 664 406 nrsroma
683 343 991 407 ecctmusrlcr.
1157 353 1261 433 [ius]

204 482 240 539 et
265 463 474 537 vaticinium
502 463 582 536 laeta
609 488 692 537 cum
723 464 885 537 tristibus
915 466 1108 541 continens
1131 470 1261 571 regine

202 581 417 656 retulerunt.
432 579 605 653 Homines
617 606 703 655 vero
715 579 962 682 subsequentis
975 585 1061 672 aevi,
1073 586 1139 686 qni
1158 585 1263 661 Nem·

203 701 283 772 triae
299 712 431 797 strages
447 699 602 796 perpessi
618 714 724 785 sunt,
739 699 796 772 vel
818 702 982 774 incendia
998 717 1035 776 et
1053 719 1185 779 cetera
1198 705 1260 779 de·

204 818 372 890 trimenta
389 827 599 901 senserunt,
618 813 778 888 cladibus
794 818 919 891 suiset
937 817 1128 894 horrendis
1146 821 1260 898 inson-

202 935 313 1007 tuniis
328 930 526 1005 veridicum
541 946 660 1006 vatem
675 935 849 1008 veraciter
863 939 1001 1035 experti
1018 956 1118 1011 sunt.

249 1049 412 1148 Denique
431 1045 679 1137 Rodbertum,
703 1064 787 1148 post
808 1051 940 1125 multas
961 1067 1000 1126 et
1019 1053 1166 1126 inutiles
1189 1054 1260 1126 cin

201 1165 432 1252 cumitiones,
450 1162 676 1237 hebetudinis
697 1191 770 1238 suae
794 1168 986 1264 poenituit;
1007 1169 1069 1242 sed
1085 1167 1199 1242 libere
1219 1169 1259 1242 ad

199 1287 330 1356 iratum
351 1297 491 1381 patrem
515 1283 645 1381 (quem
668 1299 836 1382 proterve
857 1285 1074 1385 reliquerat)
1093 1286 1258 1385 repeda-e

199 1398 374 1499 nequivit.
387 1396 493 1470 Unde
504 1396 550 1469 ad
561 1396 770 1497 Philippum
782 1425 903 1503 regem
915 1401 1162 1494 Francorum,
1176 1426 1258 1476 con·

198 1512 388 1588 sobrinum
404 1511 541 1586 scilicet
555 1538 678 1600 suum,
697 1513 847 1587 divertit
856 1541 868 1603 ς
885 1530 924 1590 et
936 1514 982 1589 ab
998 1543 1043 1593 eo
1058 1516 1258 1593 adminicu-

199 1631 275 1702 lum
292 1627 359 1700 sibi
377 1624 510 1702 obnixe
529 1631 728 1727 proposcit.
749 1631 865 1725 Quem
886 1631 945 1707 ille
967 1635 1146 1734 suscepit,
1168 1634 1257 1708 etin

197 1761 354 1820 matrum
375 1741 636 1818 Gerbenncum
660 1748 718 1844 (r)
740 1745 886 1822 direxit.
913 1748 1006 1822 Illud
1028 1750 1167 1850 qnippe
1188 1775 1257 1822 uas-

197 1882 296 1937 trum
318 1864 355 1934 in
373 1886 465 1962 pago
480 1862 682 1937 Belvacensi
700 1864 809 1937 situm
831 1883 885 1940 est
907 1884 945 1940 et
962 1865 1144 1942 Neustriae
1158 1866 1257 1942 oolli-

197 1982 416 2068 mitaneum,
441 1981 622 2078 positione
647 2006 735 2056 vero
757 1982 827 2054 loci
851 1999 889 2057 et
912 1985 1026 2057 muris
1047 2010 1089 2057 ac
1104 2010 1256 2086 propag

196 2096 332 2170 naculis
349 2096 600 2171 fortissimum.
621 2097 738 2171 Helias
754 2124 900 2199 quoque
915 2099 1163 2175 vicedominus
1181 2127 1256 2174 cum

196 2214 355 2312 compari
366 2237 432 2286 suo
443 2227 626 2312 gratanter
635 2214 775 2288 exulem
787 2217 928 2316 regium
940 2218 1109 2315 suscepit,
1124 2217 1254 2319 illique,

195 2331 338 2429 suisque
354 2326 591 2427 complicibus
614 2328 789 2402 auxilium
805 2332 844 2403 in
860 2329 1031 2406 omnibus
1048 2332 1253 2432 spopondit

194 2447 307 2522 Moris
324 2446 422 2519 enim
438 2459 492 2518 est
512 2443 607 2516 illius
629 2447 756 2535 castri,
775 2461 816 2519 ut
834 2445 968 2522 ibidem
983 2448 1058 2523 duo
1073 2476 1177 2547 pares
1191 2449 1255 2523 do-

194 2565 285 2638 mini
296 2563 383 2650 sint,
397 2577 434 2635 et
442 2585 568 2635 omnes
580 2559 714 2636 ibidem
726 2561 868 2662 fugitivi
881 2566 1136 2663 suscipiantur,
1151 2563 1256 2641 unde·

195 2706 350 2780 cumque
365 2677 588 2754 advenerint.
614 2676 669 2751 lbi
690 2677 896 2753 Rodbertus
916 2681 1100 2781 gregarios
1123 2683 1255 2782 equites

195 2798 361 2897 collegit,
390 2797 510 2896 eisque
532 2809 568 2868 et
590 2795 715 2867 multis
740 2792 939 2871 baronibus
959 2796 1086 2870 Galliae
1114 2798 1168 2893 (si
1194 2796 1255 2871 sibi

194 2912 373 3010 suppetias
388 2908 619 3006 advenerint)
635 2910 753 2983 multo
768 2912 903 3009 majora
920 2936 1029 3010 quam
1041 2912 1127 2987 dure
1143 2925 1255 3011 posset

193 3029 373 3130 promisit.
389 3027 462 3099 Hac
474 3027 585 3126 igitur
596 3027 783 3103 occasione
794 3026 909 3101 multa
917 3026 1009 3100 mala
1017 3026 1253 3127 pullularunt,

193 3162 231 3221 et
247 3144 312 3219 filii
329 3141 542 3243 perditionis
557 3141 683 3216 frande
701 3140 758 3216 vel
775 3143 810 3215 vi
827 3159 954 3216 eontra
974 3143 1130 3219 inermes
1146 3160 1184 3219 et
1200 3144 1254 3217 in-

195 3286 331 3338 nocuos
344 3257 580 3358 prodierunt,
594 3272 631 3329 et
648 3257 853 3331 innumeras
870 3257 1077 3359 iniquitates
1091 3261 1254 3360 nequiter

194 3375 387 3452 machinati
404 3387 501 3445 sunt.
519 3372 627 3445 Multi
645 3371 689 3446 de
706 3370 779 3462 his,
794 3375 856 3472 qui
872 3374 1010 3473 pacifici
1028 3374 1251 3467 videbantur,

194 3512 232 3570 et
248 3493 322 3592 regi
346 3516 408 3564 seu
426 3485 617 3563 clientibus
639 3490 713 3587 ejus
735 3488 984 3579 adulabantur,
1009 3515 1053 3564 ex
1076 3492 1251 3590 insperato

198 3610 352 3685 inimicis
369 3604 577 3705 reipublicae
589 3605 835 3704 jungebantur
841 3636 853 3696 3
870 3634 888 3681 a
905 3605 1182 3707 quibusaffines,
1196 3609 1251 3683 do

232 3927 270 3996 (ι)
288 3920 441 3984 Gerberoi;
460 3935 496 3971 on
514 3918 564 3971 sait
577 3919 660 3990 qu’en
676 3919 740 3974 effet
758 3918 830 3975 deux
843 3920 978 3975 branches
990 3920 1159 3978 collaterales
1177 3919 1245 3977 dela

195 4016 285 4071 meme
301 4008 403 4066 familie
421 4004 594 4082 possedaient
606 4007 828 4065 simultanement
843 4010 869 4065 le
884 4012 950 4066 titre
965 4022 993 4067 et
1011 4010 1151 4069 l’antorite'
1167 4012 1201 4067 de
1210 4011 1244 4062 vi·

194 4105 288 4157 ‹lames
302 4099 336 4152 de
349 4106 420 4152 cette
431 4094 520 4167 place,
535 4112 642 4149 comme
654 4106 733 4151 notre
745 4107 843 4152 auteur
855 4117 887 4153 va
898 4099 924 4154 le
936 4099 1006 4155 dire.
