<?xml version="1.0" encoding="UTF-8"?>
<!DOCTYPE html PUBLIC "-//W3C//DTD XHTML 1.0 Transitional//EN"
    "http://www.w3.org/TR/xhtml1/DTD/xhtml1-transitional.dtd">
<html xmlns="http://www.w3.org/1999/xhtml" xml:lang="en" lang="en">
 <head>
  <title>
</title>
<meta http-equiv="Content-Type" content="text/html;charset=utf-8" />
  <meta name='ocr-system' content='tesseract 3.04.00' />
  <meta name='ocr-capabilities' content='ocr_page ocr_carea ocr_par ocr_line ocrx_word'/>
</head>
<body>
  <div class='ocr_page' id='page_1' title='image "./ordericivitalis01deligoog/ordericivitalis01deligoog_0070.png"; bbox 0 0 2926 4980; ppageno 0'>
   <div class='ocr_carea' id='block_1_1' title="bbox 125 458 1195 540">
    <p class='ocr_par' dir='ltr' id='par_1_1' title="bbox 125 458 1195 540">
     <span class='ocr_line' id='line_1_1' title="bbox 125 458 1195 540; baseline 0 -14"><span class='ocrx_word' id='word_1_1' title='bbox 125 461 333 540; x_wconf 75' lang='lat' dir='ltr'><strong>[totototo]</strong></span> <span class='ocrx_word' id='word_1_2' title='bbox 502 460 621 523; x_wconf 78' lang='lat' dir='ltr'><strong>num</strong></span> <span class='ocrx_word' id='word_1_3' title='bbox 642 458 822 523; x_wconf 79' lang='lat' dir='ltr'><strong>rennos.</strong></span> <span class='ocrx_word' id='word_1_4' title='bbox 1156 468 1195 526; x_wconf 86' lang='lat'><strong>57</strong></span> 
     </span>
    </p>
   </div>
   <div class='ocr_carea' id='block_1_2' title="bbox 120 573 1208 4048">
    <p class='ocr_par' dir='ltr' id='par_1_2' title="bbox 120 573 1208 4048">
     <span class='ocr_line' id='line_1_2' title="bbox 126 573 1196 677; baseline 0.003 -26"><span class='ocrx_word' id='word_1_5' title='bbox 126 578 297 651; x_wconf 67' lang='lat' dir='ltr'><strong>Ecclesia)</strong></span> <span class='ocrx_word' id='word_1_6' title='bbox 316 573 476 651; x_wconf 74' lang='lat' dir='ltr'><strong>libenter</strong></span> <span class='ocrx_word' id='word_1_7' title='bbox 488 579 733 677; x_wconf 71' lang='lat' dir='ltr'><strong>presentavit.</strong></span> <span class='ocrx_word' id='word_1_8' title='bbox 747 578 835 651; x_wconf 83' lang='lat' dir='ltr'><strong>Inde</strong></span> <span class='ocrx_word' id='word_1_9' title='bbox 853 574 1075 652; x_wconf 78' lang='lat' dir='ltr'><strong>&#39;leodericus¹</strong></span> <span class='ocrx_word' id='word_1_10' title='bbox 1087 579 1196 654; x_wconf 79' lang='lat' dir='ltr'><strong>abbas</strong></span> 
     </span>
     <span class='ocr_line' id='line_1_3' title="bbox 126 693 1196 795; baseline 0.001 -25"><span class='ocrx_word' id='word_1_11' title='bbox 126 710 166 770; x_wconf 87' lang='lat' dir='ltr'><strong>et</strong></span> <span class='ocrx_word' id='word_1_12' title='bbox 182 694 288 769; x_wconf 81' lang='lat' dir='ltr'><strong>laetns</strong></span> <span class='ocrx_word' id='word_1_13' title='bbox 304 708 341 768; x_wconf 88' lang='lat' dir='ltr'><strong>et</strong></span> <span class='ocrx_word' id='word_1_14' title='bbox 363 694 481 768; x_wconf 82' lang='lat' dir='ltr'><strong>tristis·</strong></span> <span class='ocrx_word' id='word_1_15' title='bbox 490 693 640 767; x_wconf 85' lang='lat' dir='ltr'><strong>effectus</strong></span> <span class='ocrx_word' id='word_1_16' title='bbox 657 704 730 784; x_wconf 80' lang='lat' dir='ltr'><strong>est3</strong></span> <span class='ocrx_word' id='word_1_17' title='bbox 750 695 854 768; x_wconf 83' lang='lat' dir='ltr'><strong>laetus</strong></span> <span class='ocrx_word' id='word_1_18' title='bbox 871 721 939 795; x_wconf 90' lang='lat' dir='ltr'><strong>pro</strong></span> <span class='ocrx_word' id='word_1_19' title='bbox 956 712 1055 769; x_wconf 84' lang='lat' dir='ltr'><strong>tanta</strong></span> <span class='ocrx_word' id='word_1_20' title='bbox 1074 699 1196 771; x_wconf 85' lang='lat' dir='ltr'><strong>senio-</strong></span> 
     </span>
     <span class='ocr_line' id='line_1_4' title="bbox 127 810 1197 915; baseline 0.002 -29"><span class='ocrx_word' id='word_1_21' title='bbox 127 814 180 886; x_wconf 89' lang='lat' dir='ltr'><strong>ris</strong></span> <span class='ocrx_word' id='word_1_22' title='bbox 194 813 408 900; x_wconf 82' lang='lat' dir='ltr'><strong>devotione,</strong></span> <span class='ocrx_word' id='word_1_23' title='bbox 418 810 688 915; x_wconf 16' lang='lat' dir='ltr'><strong>‘qua·fervcbat,</strong></span> <span class='ocrx_word' id='word_1_24' title='bbox 703 828 741 887; x_wconf 88' lang='lat' dir='ltr'><strong>et</strong></span> <span class='ocrx_word' id='word_1_25' title='bbox 754 839 834 913; x_wconf 89' lang='lat' dir='ltr'><strong>quae</strong></span> <span class='ocrx_word' id='word_1_26' title='bbox 853 840 935 886; x_wconf 90' lang='lat' dir='ltr'><strong>eum</strong></span> <span class='ocrx_word' id='word_1_27' title='bbox 953 812 1197 889; x_wconf 89' lang='lat' dir='ltr'><strong>tamlaborio·</strong></span> 
     </span>
     <span class='ocr_line' id='line_1_5' title="bbox 120 929 1195 1032; baseline -0.001 -28"><span class='ocrx_word' id='word_1_28' title='bbox 120 957 210 1004; x_wconf 84' lang='lat' dir='ltr'><strong>sum</strong></span> <span class='ocrx_word' id='word_1_29' title='bbox 232 932 302 1003; x_wconf 89' lang='lat' dir='ltr'><strong>iter</strong></span> <span class='ocrx_word' id='word_1_30' title='bbox 321 931 481 1031; x_wconf 75' lang='lat' dir='ltr'>arripere</span> <span class='ocrx_word' id='word_1_31' title='bbox 504 929 694 1020; x_wconf 82' lang='lat' dir='ltr'><strong>monebat3</strong></span> <span class='ocrx_word' id='word_1_32' title='bbox 719 932 830 1007; x_wconf 85' lang='lat' dir='ltr'><strong>tristis</strong></span> <span class='ocrx_word' id='word_1_33' title='bbox 851 957 920 1031; x_wconf 90' lang='lat' dir='ltr'><strong>pro</strong></span> <span class='ocrx_word' id='word_1_34' title='bbox 939 939 1073 1032; x_wconf 73' lang='lat' dir='ltr'><strong>&#39;magno</strong></span> <span class='ocrx_word' id='word_1_35' title='bbox 1097 931 1195 1005; x_wconf 79' lang='lat' dir='ltr'><strong>sola-</strong></span> 
     </span>
     <span class='ocr_line' id='line_1_6' title="bbox 129 1046 1198 1150; baseline 0.001 -30"><span class='ocrx_word' id='word_1_36' title='bbox 129 1048 246 1135; x_wconf 82' lang='lat' dir='ltr'>mine,</span> <span class='ocrx_word' id='word_1_37' title='bbox 274 1046 373 1146; x_wconf 86' lang='lat' dir='ltr'><strong>quod</strong></span> <span class='ocrx_word' id='word_1_38' title='bbox 392 1049 440 1119; x_wconf 84' lang='lat' dir='ltr'><strong>in</strong></span> <span class='ocrx_word' id='word_1_39' title='bbox 464 1047 617 1146; x_wconf 77' lang='lat' dir='ltr'><strong>praefato</strong></span> <span class='ocrx_word' id='word_1_40' title='bbox 643 1049 784 1122; x_wconf 89' lang='lat' dir='ltr'><strong>seniore</strong></span> <span class='ocrx_word' id='word_1_41' title='bbox 809 1046 1017 1138; x_wconf 80' lang='lat' dir='ltr'><strong>amittebat,</strong></span> <span class='ocrx_word' id='word_1_42' title='bbox 1044 1050 1127 1150; x_wconf 87' lang='lat' dir='ltr'><strong>quia</strong></span> <span class='ocrx_word' id='word_1_43' title='bbox 1153 1049 1198 1121; x_wconf 91' lang='lat' dir='ltr'><strong>ad</strong></span> 
     </span>
     <span class='ocr_line' id='line_1_7' title="bbox 129 1161 1199 1266; baseline -0.001 -26"><span class='ocrx_word' id='word_1_44' title='bbox 129 1187 240 1240; x_wconf 84' lang='lat' dir='ltr'><strong>omne</strong></span> <span class='ocrx_word' id='word_1_45' title='bbox 263 1190 353 1263; x_wconf 86' lang='lat' dir='ltr'><strong>opus</strong></span> <span class='ocrx_word' id='word_1_46' title='bbox 374 1161 514 1239; x_wconf 90' lang='lat' dir='ltr'><strong>bouum</strong></span> <span class='ocrx_word' id='word_1_47' title='bbox 538 1182 728 1265; x_wconf 89' lang='lat' dir='ltr'><strong>promptus</strong></span> <span class='ocrx_word' id='word_1_48' title='bbox 749 1164 935 1239; x_wconf 81' lang='lat' dir='ltr'><strong>existebat.</strong></span> <span class='ocrx_word' id='word_1_49' title='bbox 960 1167 1125 1266; x_wconf 88' lang='lat' dir='ltr'><strong>Denique</strong></span> <span class='ocrx_word' id='word_1_50' title='bbox 1141 1167 1199 1239; x_wconf 87' lang='lat' dir='ltr'><strong>vir</strong></span> 
     </span>
     <span class='ocr_line' id='line_1_8' title="bbox 131 1279 1199 1383; baseline 0.002 -31"><span class='ocrx_word' id='word_1_51' title='bbox 131 1283 195 1361; x_wconf 71' lang='lat' dir='ltr'><strong>Dei</strong></span> <span class='ocrx_word' id='word_1_52' title='bbox 221 1297 258 1355; x_wconf 92' lang='lat' dir='ltr'><strong>et</strong></span> <span class='ocrx_word' id='word_1_53' title='bbox 278 1279 473 1356; x_wconf 85' lang='lat' dir='ltr'><strong>Rotbertus</strong></span> <span class='ocrx_word' id='word_1_54' title='bbox 498 1282 621 1379; x_wconf 80' lang='lat' dir='ltr'><strong>prior,</strong></span> <span class='ocrx_word' id='word_1_55' title='bbox 652 1297 820 1383; x_wconf 82' lang='lat' dir='ltr'><strong>totusque</strong></span> <span class='ocrx_word' id='word_1_56' title='bbox 847 1300 1067 1372; x_wconf 88' lang='lat' dir='ltr'><strong>conventus,</strong></span> <span class='ocrx_word' id='word_1_57' title='bbox 1093 1284 1199 1355; x_wconf 91' lang='lat' dir='ltr'><strong>dom-</strong></span> 
     </span>
     <span class='ocr_line' id='line_1_9' title="bbox 132 1396 1200 1500; baseline 0.001 -29"><span class='ocrx_word' id='word_1_58' title='bbox 132 1424 222 1471; x_wconf 88' lang='lat' dir='ltr'><strong>num</strong></span> <span class='ocrx_word' id='word_1_59' title='bbox 234 1396 470 1470; x_wconf 88' lang='lat' dir='ltr'><strong>Willermum</strong></span> <span class='ocrx_word' id='word_1_60' title='bbox 494 1399 570 1472; x_wconf 89' lang='lat' dir='ltr'><strong>Deo</strong></span> <span class='ocrx_word' id='word_1_61' title='bbox 593 1398 953 1488; x_wconf 87' lang='lat' dir='ltr'><strong>commendaverunt,</strong></span> <span class='ocrx_word' id='word_1_62' title='bbox 974 1401 1078 1500; x_wconf 91' lang='lat' dir='ltr'><strong>eique</strong></span> <span class='ocrx_word' id='word_1_63' title='bbox 1096 1398 1200 1472; x_wconf 86' lang='lat' dir='ltr'><strong>Gun-</strong></span> 
     </span>
     <span class='ocr_line' id='line_1_10' title="bbox 131 1511 1199 1614; baseline 0.001 -29"><span class='ocrx_word' id='word_1_64' title='bbox 131 1513 268 1585; x_wconf 84' lang='lat' dir='ltr'><strong>fridum</strong></span> <span class='ocrx_word' id='word_1_65' title='bbox 284 1511 542 1611; x_wconf 75' lang='lat' dir='ltr'><strong>peritissimum</strong></span> <span class='ocrx_word' id='word_1_66' title='bbox 562 1512 799 1602; x_wconf 88' lang='lat' dir='ltr'><strong>monachum,</strong></span> <span class='ocrx_word' id='word_1_67' title='bbox 818 1530 856 1589; x_wconf 91' lang='lat' dir='ltr'><strong>et</strong></span> <span class='ocrx_word' id='word_1_68' title='bbox 876 1516 1072 1614; x_wconf 85' lang='lat' dir='ltr'><strong>Rogerium</strong></span> <span class='ocrx_word' id='word_1_69' title='bbox 1089 1512 1199 1588; x_wconf 88' lang='lat' dir='ltr'><strong>Gem-</strong></span> 
     </span>
     <span class='ocr_line' id='line_1_11' title="bbox 133 1630 1201 1732; baseline 0 -29"><span class='ocrx_word' id='word_1_70' title='bbox 133 1630 363 1704; x_wconf 87' lang='lat' dir='ltr'><strong>metioensem</strong></span> <span class='ocrx_word' id='word_1_71' title='bbox 380 1631 563 1730; x_wconf 82' lang='lat' dir='ltr'><strong>egregium</strong></span> <span class='ocrx_word' id='word_1_72' title='bbox 579 1631 813 1730; x_wconf 88' lang='lat' dir='ltr'><strong>scriptorem,</strong></span> <span class='ocrx_word' id='word_1_73' title='bbox 833 1631 992 1732; x_wconf 89' lang='lat' dir='ltr'><strong>aliosque</strong></span> <span class='ocrx_word' id='word_1_74' title='bbox 1008 1630 1201 1705; x_wconf 80' lang='lat' dir='ltr'><strong>duodecim</strong></span> 
     </span>
     <span class='ocr_line' id='line_1_12' title="bbox 134 1744 1200 1821; baseline -0.001 -2"><span class='ocrx_word' id='word_1_75' title='bbox 134 1744 363 1820; x_wconf 84' lang='lat' dir='ltr'><strong>honorabiles</strong></span> <span class='ocrx_word' id='word_1_76' title='bbox 371 1745 525 1820; x_wconf 87' lang='lat' dir='ltr'><strong>famulos</strong></span> <span class='ocrx_word' id='word_1_77' title='bbox 534 1745 884 1821; x_wconf 83' lang='lat' dir='ltr'><strong>associaverunt.llle</strong></span> <span class='ocrx_word' id='word_1_78' title='bbox 893 1762 1013 1821; x_wconf 88' lang='lat' dir='ltr'><strong>autem</strong></span> <span class='ocrx_word' id='word_1_79' title='bbox 1022 1745 1200 1820; x_wconf 85' lang='lat' dir='ltr'><strong>transcen·</strong></span> 
     </span>
     <span class='ocr_line' id='line_1_13' title="bbox 134 1858 1201 1961; baseline 0.001 -28"><span class='ocrx_word' id='word_1_80' title='bbox 134 1861 182 1933; x_wconf 87' lang='lat' dir='ltr'><strong>sis</strong></span> <span class='ocrx_word' id='word_1_81' title='bbox 209 1858 360 1961; x_wconf 86' lang='lat' dir='ltr'><strong>Alpibus</strong></span> <span class='ocrx_word' id='word_1_82' title='bbox 386 1862 536 1933; x_wconf 86' lang='lat' dir='ltr'><strong>Romam</strong></span> <span class='ocrx_word' id='word_1_83' title='bbox 563 1863 690 1961; x_wconf 85' lang='lat' dir='ltr'><strong>petiit3</strong></span> <span class='ocrx_word' id='word_1_84' title='bbox 720 1863 763 1936; x_wconf 78' lang='lat' dir='ltr'><strong>et</strong></span> <span class='ocrx_word' id='word_1_85' title='bbox 784 1862 866 1937; x_wconf 90' lang='lat' dir='ltr'><strong>inde</strong></span> <span class='ocrx_word' id='word_1_86' title='bbox 896 1862 965 1936; x_wconf 87' lang='lat' dir='ltr'><strong>iter</strong></span> <span class='ocrx_word' id='word_1_87' title='bbox 989 1889 1137 1961; x_wconf 86' lang='lat' dir='ltr'><strong>carpens</strong></span> <span class='ocrx_word' id='word_1_88' title='bbox 1162 1862 1201 1934; x_wconf 90' lang='lat' dir='ltr'><strong>in</strong></span> 
     </span>
     <span class='ocr_line' id='line_1_14' title="bbox 135 1970 1199 2078; baseline 0.001 -31"><span class='ocrx_word' id='word_1_89' title='bbox 135 1970 264 2075; x_wconf 84' lang='lat' dir='ltr'><strong>Apulia</strong></span> <span class='ocrx_word' id='word_1_90' title='bbox 284 1976 423 2065; x_wconf 85' lang='lat' dir='ltr'><strong>filium,</strong></span> <span class='ocrx_word' id='word_1_91' title='bbox 445 1976 604 2078; x_wconf 89' lang='lat' dir='ltr'><strong>aliosque</strong></span> <span class='ocrx_word' id='word_1_92' title='bbox 625 1979 757 2053; x_wconf 90' lang='lat' dir='ltr'><strong>amicos</strong></span> <span class='ocrx_word' id='word_1_93' title='bbox 776 1995 812 2052; x_wconf 93' lang='lat' dir='ltr'><strong>et</strong></span> <span class='ocrx_word' id='word_1_94' title='bbox 832 1979 951 2051; x_wconf 86' lang='lat' dir='ltr'><strong>affines</strong></span> <span class='ocrx_word' id='word_1_95' title='bbox 973 2004 1014 2049; x_wconf 90' lang='lat' dir='ltr'><strong>ac</strong></span> <span class='ocrx_word' id='word_1_96' title='bbox 1035 1992 1199 2076; x_wconf 86' lang='lat' dir='ltr'><strong>parentes</strong></span> 
     </span>
     <span class='ocr_line' id='line_1_15' title="bbox 136 2091 1200 2193; baseline 0 -29"><span class='ocrx_word' id='word_1_97' title='bbox 136 2093 288 2166; x_wconf 84' lang='lat' dir='ltr'><strong>invenit.</strong></span> <span class='ocrx_word' id='word_1_98' title='bbox 306 2091 377 2185; x_wconf 86' lang='lat' dir='ltr'><strong>Qui</strong></span> <span class='ocrx_word' id='word_1_99' title='bbox 401 2093 478 2165; x_wconf 84' lang='lat' dir='ltr'><strong>viso</strong></span> <span class='ocrx_word' id='word_1_100' title='bbox 500 2120 544 2167; x_wconf 90' lang='lat' dir='ltr'><strong>eo</strong></span> <span class='ocrx_word' id='word_1_101' title='bbox 559 2092 661 2167; x_wconf 80' lang='lat' dir='ltr'><strong>valde</strong></span> <span class='ocrx_word' id='word_1_102' title='bbox 678 2095 786 2193; x_wconf 79' lang='lat' dir='ltr'><strong>gavisi</strong></span> <span class='ocrx_word' id='word_1_103' title='bbox 810 2109 916 2182; x_wconf 89' lang='lat' dir='ltr'><strong>sunt,</strong></span> <span class='ocrx_word' id='word_1_104' title='bbox 940 2119 1094 2192; x_wconf 86' lang='lat' dir='ltr'><strong>eumque</strong></span> <span class='ocrx_word' id='word_1_105' title='bbox 1116 2094 1200 2164; x_wconf 90' lang='lat' dir='ltr'><strong>cum</strong></span> 
     </span>
     <span class='ocr_line' id='line_1_16' title="bbox 135 2208 1199 2309; baseline -0.002 -27"><span class='ocrx_word' id='word_1_106' title='bbox 135 2234 268 2308; x_wconf 84' lang='lat' dir='ltr'><strong>magno</strong></span> <span class='ocrx_word' id='word_1_107' title='bbox 296 2208 435 2282; x_wconf 89' lang='lat' dir='ltr'><strong>bonore</strong></span> <span class='ocrx_word' id='word_1_108' title='bbox 462 2210 585 2309; x_wconf 88' lang='lat' dir='ltr'><strong>aliquo</strong></span> <span class='ocrx_word' id='word_1_109' title='bbox 613 2225 775 2309; x_wconf 91' lang='lat' dir='ltr'><strong>tempore</strong></span> <span class='ocrx_word' id='word_1_110' title='bbox 801 2235 921 2282; x_wconf 88' lang='lat' dir='ltr'><strong>secum</strong></span> <span class='ocrx_word' id='word_1_111' title='bbox 946 2208 1199 2296; x_wconf 84' lang='lat' dir='ltr'><strong>retinuerunt,</strong></span> 
     </span>
     <span class='ocr_line' id='line_1_17' title="bbox 136 2325 1199 2428; baseline -0.003 -27"><span class='ocrx_word' id='word_1_112' title='bbox 136 2327 241 2427; x_wconf 92' lang='lat' dir='ltr'><strong>eique</strong></span> <span class='ocrx_word' id='word_1_113' title='bbox 258 2326 302 2399; x_wconf 83' lang='lat' dir='ltr'><strong>ad</strong></span> <span class='ocrx_word' id='word_1_114' title='bbox 319 2328 618 2401; x_wconf 87' lang='lat' dir='ltr'><strong>sustentationem</strong></span> <span class='ocrx_word' id='word_1_115' title='bbox 639 2327 818 2418; x_wconf 84' lang='lat' dir='ltr'><strong>ecclesiae,</strong></span> <span class='ocrx_word' id='word_1_116' title='bbox 836 2352 905 2428; x_wconf 89' lang='lat' dir='ltr'><strong>pro</strong></span> <span class='ocrx_word' id='word_1_117' title='bbox 929 2352 999 2428; x_wconf 85' lang='lat' dir='ltr'><strong>qua</strong></span> <span class='ocrx_word' id='word_1_118' title='bbox 1022 2325 1199 2398; x_wconf 86' lang='lat' dir='ltr'><strong>mendica·</strong></span> 
     </span>
     <span class='ocr_line' id='line_1_18' title="bbox 136 2442 1202 2543; baseline -0.002 -27"><span class='ocrx_word' id='word_1_119' title='bbox 136 2443 198 2516; x_wconf 89' lang='lat' dir='ltr'><strong>bat</strong></span> <span class='ocrx_word' id='word_1_120' title='bbox 206 2497 218 2532; x_wconf 93' lang='lat'><strong><em>,</em></strong></span> <span class='ocrx_word' id='word_1_121' title='bbox 237 2442 348 2515; x_wconf 89' lang='lat' dir='ltr'><strong>multa</strong></span> <span class='ocrx_word' id='word_1_122' title='bbox 362 2461 398 2516; x_wconf 88' lang='lat' dir='ltr'><strong>et</strong></span> <span class='ocrx_word' id='word_1_123' title='bbox 414 2468 540 2543; x_wconf 87' lang='lat' dir='ltr'><strong>magna</strong></span> <span class='ocrx_word' id='word_1_124' title='bbox 556 2469 705 2517; x_wconf 80' lang='lat' dir='ltr'><strong>munera</strong></span> <span class='ocrx_word' id='word_1_125' title='bbox 722 2442 911 2516; x_wconf 87' lang='lat' dir='ltr'><strong>dederunt.</strong></span> <span class='ocrx_word' id='word_1_126' title='bbox 932 2445 1008 2542; x_wconf 90' lang='lat' dir='ltr'><strong>lpse</strong></span> <span class='ocrx_word' id='word_1_127' title='bbox 1022 2467 1109 2515; x_wconf 88' lang='lat' dir='ltr'><strong>vero</strong></span> <span class='ocrx_word' id='word_1_128' title='bbox 1122 2467 1202 2540; x_wconf 91' lang='lat' dir='ltr'><strong>ege-</strong></span> 
     </span>
     <span class='ocr_line' id='line_1_19' title="bbox 137 2556 1204 2645; baseline -0.001 -14"><span class='ocrx_word' id='word_1_129' title='bbox 137 2561 194 2632; x_wconf 87' lang='lat' dir='ltr'><strong>nis</strong></span> <span class='ocrx_word' id='word_1_130' title='bbox 213 2557 385 2631; x_wconf 88' lang='lat' dir='ltr'><strong>fratribus</strong></span> <span class='ocrx_word' id='word_1_131' title='bbox 402 2561 473 2631; x_wconf 88' lang='lat' dir='ltr'><strong>scis</strong></span> <span class='ocrx_word' id='word_1_132' title='bbox 492 2559 705 2633; x_wconf 84' lang='lat' dir='ltr'><strong>festinanter</strong></span> <span class='ocrx_word' id='word_1_133' title='bbox 722 2560 913 2634; x_wconf 89' lang='lat' dir='ltr'><strong>subvenire</strong></span> <span class='ocrx_word' id='word_1_134' title='bbox 930 2556 1076 2645; x_wconf 85' lang='lat' dir='ltr'><strong>volens,</strong></span> <span class='ocrx_word' id='word_1_135' title='bbox 1100 2558 1204 2642; x_wconf 88' lang='lat' dir='ltr'><strong>Gun-</strong></span> 
     </span>
     <span class='ocr_line' id='line_1_20' title="bbox 137 2675 1205 2778; baseline 0 -29"><span class='ocrx_word' id='word_1_136' title='bbox 137 2675 274 2749; x_wconf 84' lang='lat' dir='ltr'><strong>fridum</strong></span> <span class='ocrx_word' id='word_1_137' title='bbox 302 2676 522 2751; x_wconf 90' lang='lat' dir='ltr'><strong>monachum</strong></span> <span class='ocrx_word' id='word_1_138' title='bbox 552 2703 634 2750; x_wconf 91' lang='lat' dir='ltr'><strong>cum</strong></span> <span class='ocrx_word' id='word_1_139' title='bbox 660 2701 792 2778; x_wconf 85' lang='lat' dir='ltr'><strong>magno</strong></span> <span class='ocrx_word' id='word_1_140' title='bbox 822 2703 931 2750; x_wconf 92' lang='lat' dir='ltr'><strong>censu</strong></span> <span class='ocrx_word' id='word_1_141' title='bbox 956 2677 1121 2766; x_wconf 75' lang='lat' dir='ltr'><strong>remisit3</strong></span> <span class='ocrx_word' id='word_1_142' title='bbox 1144 2675 1205 2749; x_wconf 85' lang='lat' dir='ltr'><strong>sod</strong></span> 
     </span>
     <span class='ocr_line' id='line_1_21' title="bbox 136 2792 1202 2895; baseline -0.005 -27"><span class='ocrx_word' id='word_1_143' title='bbox 136 2794 282 2869; x_wconf 87' lang='lat' dir='ltr'><strong>occulto</strong></span> <span class='ocrx_word' id='word_1_144' title='bbox 309 2795 375 2868; x_wconf 89' lang='lat' dir='ltr'><strong>Dei</strong></span> <span class='ocrx_word' id='word_1_145' title='bbox 399 2794 537 2893; x_wconf 89' lang='lat' dir='ltr'><strong>judicio</strong></span> <span class='ocrx_word' id='word_1_146' title='bbox 566 2794 671 2868; x_wconf 88' lang='lat' dir='ltr'><strong>aliter</strong></span> <span class='ocrx_word' id='word_1_147' title='bbox 696 2820 805 2895; x_wconf 92' lang='lat' dir='ltr'><strong>quam</strong></span> <span class='ocrx_word' id='word_1_148' title='bbox 834 2792 1043 2893; x_wconf 86' lang='lat' dir='ltr'><strong>sperabatur</strong></span> <span class='ocrx_word' id='word_1_149' title='bbox 1070 2793 1202 2867; x_wconf 84' lang='lat' dir='ltr'><strong>evenit.</strong></span> 
     </span>
     <span class='ocr_line' id='line_1_22' title="bbox 136 2908 1206 3010; baseline 0 -26"><span class='ocrx_word' id='word_1_150' title='bbox 136 2910 230 2984; x_wconf 85' lang='lat' dir='ltr'><strong>Nam</strong></span> <span class='ocrx_word' id='word_1_151' title='bbox 246 2908 447 2985; x_wconf 84' lang='lat' dir='ltr'><strong>Gunfridus</strong></span> <span class='ocrx_word' id='word_1_152' title='bbox 466 2912 619 2986; x_wconf 85' lang='lat' dir='ltr'><strong>Romam</strong></span> <span class='ocrx_word' id='word_1_153' title='bbox 636 2912 754 2999; x_wconf 87' lang='lat' dir='ltr'><strong>venit,</strong></span> <span class='ocrx_word' id='word_1_154' title='bbox 779 2908 904 3010; x_wconf 90' lang='lat' dir='ltr'><strong>ibique</strong></span> <span class='ocrx_word' id='word_1_155' title='bbox 925 2912 963 2983; x_wconf 91' lang='lat' dir='ltr'><strong>in</strong></span> <span class='ocrx_word' id='word_1_156' title='bbox 986 2910 1206 2984; x_wconf 85' lang='lat' dir='ltr'><strong>monasterio</strong></span> 
     </span>
     <span class='ocr_line' id='line_1_23' title="bbox 137 3025 1206 3127; baseline 0.002 -27"><span class='ocrx_word' id='word_1_157' title='bbox 137 3027 177 3100; x_wconf 86' lang='lat' dir='ltr'><strong>S.</strong></span> <span class='ocrx_word' id='word_1_158' title='bbox 195 3027 294 3100; x_wconf 89' lang='lat' dir='ltr'><strong>Pauli</strong></span> <span class='ocrx_word' id='word_1_159' title='bbox 313 3028 465 3127; x_wconf 85' lang='lat' dir='ltr'><strong>apostoli</strong></span> <span class='ocrx_word' id='word_1_160' title='bbox 484 3026 641 3102; x_wconf 86' lang='lat' dir='ltr'><strong>hiemare</strong></span> <span class='ocrx_word' id='word_1_161' title='bbox 655 3028 827 3101; x_wconf 87' lang='lat' dir='ltr'><strong>decrevit.</strong></span> <span class='ocrx_word' id='word_1_162' title='bbox 846 3029 879 3102; x_wconf 88' lang='lat' dir='ltr'>A</span> <span class='ocrx_word' id='word_1_163' title='bbox 897 3025 1069 3103; x_wconf 85' lang='lat' dir='ltr'><strong>Romanis</strong></span> <span class='ocrx_word' id='word_1_164' title='bbox 1084 3043 1206 3102; x_wconf 87' lang='lat' dir='ltr'><strong>autem</strong></span> 
     </span>
     <span class='ocr_line' id='line_1_24' title="bbox 137 3142 1203 3243; baseline -0.001 -27"><span class='ocrx_word' id='word_1_165' title='bbox 137 3168 208 3242; x_wconf 91' lang='lat' dir='ltr'><strong>pro</strong></span> <span class='ocrx_word' id='word_1_166' title='bbox 219 3143 412 3241; x_wconf 86' lang='lat' dir='ltr'><strong>cupiditate</strong></span> <span class='ocrx_word' id='word_1_167' title='bbox 425 3143 516 3232; x_wconf 90' lang='lat' dir='ltr'><strong>auri,</strong></span> <span class='ocrx_word' id='word_1_168' title='bbox 528 3142 794 3243; x_wconf 86' lang='lat' dir='ltr'><strong>quodferebat,</strong></span> <span class='ocrx_word' id='word_1_169' title='bbox 809 3169 949 3218; x_wconf 84' lang='lat' dir='ltr'><strong>veneno</strong></span> <span class='ocrx_word' id='word_1_170' title='bbox 963 3144 1117 3216; x_wconf 87' lang='lat' dir='ltr'><strong>infectus</strong></span> <span class='ocrx_word' id='word_1_171' title='bbox 1129 3159 1203 3230; x_wconf 79' lang='lat' dir='ltr'><strong>est3</strong></span> 
     </span>
     <span class='ocr_line' id='line_1_25' title="bbox 137 3259 1207 3364; baseline -0.003 -31"><span class='ocrx_word' id='word_1_172' title='bbox 137 3260 260 3360; x_wconf 85' lang='lat' dir='ltr'><strong>sicque</strong></span> <span class='ocrx_word' id='word_1_173' title='bbox 284 3259 498 3333; x_wconf 86' lang='lat' dir='ltr'><strong>venerabilis</strong></span> <span class='ocrx_word' id='word_1_174' title='bbox 521 3262 732 3362; x_wconf 86' lang='lat' dir='ltr'><strong>peregrinus</strong></span> <span class='ocrx_word' id='word_1_175' title='bbox 760 3263 799 3364; x_wconf 81' lang='lat' dir='ltr'><strong>in</strong></span> <span class='ocrx_word' id='word_1_176' title='bbox 824 3260 1049 3336; x_wconf 84' lang='lat' dir='ltr'><strong>confessione</strong></span> <span class='ocrx_word' id='word_1_177' title='bbox 1073 3260 1207 3332; x_wconf 88' lang='lat' dir='ltr'><strong>Christi</strong></span> 
     </span>
     <span class='ocr_line' id='line_1_26' title="bbox 139 3374 1206 3478; baseline 0 -30"><span class='ocrx_word' id='word_1_178' title='bbox 139 3377 217 3449; x_wconf 87' lang='lat' dir='ltr'><strong>idus</strong></span> <span class='ocrx_word' id='word_1_179' title='bbox 233 3374 431 3450; x_wconf 85' lang='lat' dir='ltr'><strong>decembris</strong></span> <span class='ocrx_word' id='word_1_180' title='bbox 444 3377 636 3452; x_wconf 86' lang='lat' dir='ltr'><strong>defunctus</strong></span> <span class='ocrx_word' id='word_1_181' title='bbox 652 3394 718 3454; x_wconf 87' lang='lat' dir='ltr'><strong>est.</strong></span> <span class='ocrx_word' id='word_1_182' title='bbox 735 3378 949 3452; x_wconf 89' lang='lat' dir='ltr'><strong>Willermus</strong></span> <span class='ocrx_word' id='word_1_183' title='bbox 965 3403 1112 3478; x_wconf 89' lang='lat' dir='ltr'><strong>quoque</strong></span> <span class='ocrx_word' id='word_1_184' title='bbox 1129 3400 1206 3449; x_wconf 89' lang='lat' dir='ltr'><strong>non</strong></span> 
     </span>
     <span class='ocr_line' id='line_1_27' title="bbox 138 3494 1204 3597; baseline -0.001 -31"><span class='ocrx_word' id='word_1_185' title='bbox 138 3494 257 3567; x_wconf 92' lang='lat' dir='ltr'><strong>multo</strong></span> <span class='ocrx_word' id='word_1_186' title='bbox 274 3509 357 3594; x_wconf 86' lang='lat' dir='ltr'><strong>post</strong></span> <span class='ocrx_word' id='word_1_187' title='bbox 380 3495 449 3568; x_wconf 87' lang='lat' dir='ltr'><strong>iter</strong></span> <span class='ocrx_word' id='word_1_188' title='bbox 467 3495 639 3571; x_wconf 88' lang='lat' dir='ltr'><strong>redeundi</strong></span> <span class='ocrx_word' id='word_1_189' title='bbox 657 3523 741 3569; x_wconf 91' lang='lat' dir='ltr'><strong>cum</strong></span> <span class='ocrx_word' id='word_1_190' title='bbox 764 3497 902 3597; x_wconf 81' lang='lat' dir='ltr'><strong>ingenti</strong></span> <span class='ocrx_word' id='word_1_191' title='bbox 926 3496 1078 3595; x_wconf 86' lang='lat' dir='ltr'><strong>pecunia</strong></span> <span class='ocrx_word' id='word_1_192' title='bbox 1103 3494 1204 3581; x_wconf 81' lang='lat' dir='ltr'><strong>iniit3</strong></span> 
     </span>
     <span class='ocr_line' id='line_1_28' title="bbox 139 3609 1208 3712; baseline 0 -28"><span class='ocrx_word' id='word_1_193' title='bbox 139 3609 200 3684; x_wconf 83' lang='lat' dir='ltr'><strong>scd</strong></span> <span class='ocrx_word' id='word_1_194' title='bbox 222 3610 266 3682; x_wconf 86' lang='lat' dir='ltr'><strong>ad</strong></span> <span class='ocrx_word' id='word_1_195' title='bbox 289 3609 438 3697; x_wconf 72' lang='lat' dir='ltr'><strong>urbm,</strong></span> <span class='ocrx_word' id='word_1_196' title='bbox 463 3636 545 3712; x_wconf 87' lang='lat' dir='ltr'><strong>qnae</strong></span> <span class='ocrx_word' id='word_1_197' title='bbox 566 3639 586 3684; x_wconf 91' lang='lat' dir='ltr'><strong>a</strong></span> <span class='ocrx_word' id='word_1_198' title='bbox 606 3613 725 3685; x_wconf 89' lang='lat' dir='ltr'><strong>Caieta</strong></span> <span class='ocrx_word' id='word_1_199' title='bbox 746 3613 890 3684; x_wconf 89' lang='lat' dir='ltr'><strong>nutrice</strong></span> <span class='ocrx_word' id='word_1_200' title='bbox 912 3610 1059 3710; x_wconf 86' lang='lat' dir='ltr'><strong>Trojani</strong></span> <span class='ocrx_word' id='word_1_201' title='bbox 1082 3611 1208 3684; x_wconf 82' lang='lat' dir='ltr'><strong>AEneae</strong></span> 
     </span>
     <span class='ocr_line' id='line_1_29' title="bbox 139 3724 1204 3827; baseline 0.001 -31"><span class='ocrx_word' id='word_1_202' title='bbox 139 3739 289 3797; x_wconf 78' lang='lat' dir='ltr'><strong>vocatur</strong></span> <span class='ocrx_word' id='word_1_203' title='bbox 300 3725 377 3823; x_wconf 81' lang='grc' dir='ltr'>(ι),</span> <span class='ocrx_word' id='word_1_204' title='bbox 391 3726 538 3799; x_wconf 83' lang='lat' dir='ltr'><strong>veniens</strong></span> <span class='ocrx_word' id='word_1_205' title='bbox 553 3726 756 3801; x_wconf 81' lang='lat' dir='ltr'><strong>lethiferam</strong></span> <span class='ocrx_word' id='word_1_206' title='bbox 770 3725 1022 3827; x_wconf 73' lang='lat' dir='ltr'><strong>aegritudinem</strong></span> <span class='ocrx_word' id='word_1_207' title='bbox 1036 3724 1204 3797; x_wconf 87' lang='lat' dir='ltr'><strong>incurrit.</strong></span> 
     </span>
     <span class='ocr_line' id='line_1_30' title="bbox 139 3839 1207 3934; baseline 0.003 -22"><span class='ocrx_word' id='word_1_208' title='bbox 139 3842 246 3913; x_wconf 82' lang='lat' dir='ltr'><strong>Tunc</strong></span> <span class='ocrx_word' id='word_1_209' title='bbox 261 3839 351 3915; x_wconf 91' lang='lat' dir='ltr'><strong>duos</strong></span> <span class='ocrx_word' id='word_1_210' title='bbox 374 3841 527 3934; x_wconf 86' lang='lat' dir='ltr'><strong>milites,</strong></span> <span class='ocrx_word' id='word_1_211' title='bbox 552 3842 815 3917; x_wconf 84' lang='lat' dir='ltr'><strong>Anscbetillum</strong></span> <span class='ocrx_word' id='word_1_212' title='bbox 834 3843 879 3918; x_wconf 91' lang='lat' dir='ltr'><strong>de</strong></span> <span class='ocrx_word' id='word_1_213' title='bbox 899 3843 1035 3918; x_wconf 85' lang='lat' dir='ltr'><strong>Noerio</strong></span> <span class='ocrx_word' id='word_1_214' title='bbox 1051 3842 1207 3917; x_wconf 85' lang='lat' dir='ltr'><strong>Ascelini</strong></span> 
     </span>
     <span class='ocr_line' id='line_1_31' title="bbox 140 3955 1206 4048; baseline 0.004 -20"><span class='ocrx_word' id='word_1_215' title='bbox 140 3955 276 4043; x_wconf 87' lang='lat' dir='ltr'><strong>filium,</strong></span> <span class='ocrx_word' id='word_1_216' title='bbox 297 3972 334 4030; x_wconf 90' lang='lat' dir='ltr'><strong>et</strong></span> <span class='ocrx_word' id='word_1_217' title='bbox 350 3958 589 4033; x_wconf 84' lang='lat' dir='ltr'><strong>Teodelinum</strong></span> <span class='ocrx_word' id='word_1_218' title='bbox 606 3961 649 4035; x_wconf 89' lang='lat' dir='ltr'><strong>de</strong></span> <span class='ocrx_word' id='word_1_219' title='bbox 662 3961 812 4035; x_wconf 85' lang='lat' dir='ltr'><strong>Tanesia</strong></span> <span class='ocrx_word' id='word_1_220' title='bbox 837 3963 881 4034; x_wconf 87' lang='lat' dir='ltr'><strong>ad</strong></span> <span class='ocrx_word' id='word_1_221' title='bbox 906 3961 1117 4048; x_wconf 88' lang='lat' dir='ltr'><strong>sevocavit,</strong></span> <span class='ocrx_word' id='word_1_222' title='bbox 1139 3960 1206 4032; x_wconf 92' lang='lat' dir='ltr'><strong>eis·</strong></span> 
     </span>
    </p>
   </div>
   <div class='ocr_carea' id='block_1_3' title="bbox 175 4215 321 4285">
    <p class='ocr_par' dir='ltr' id='par_1_3' title="bbox 175 4215 321 4285">
     <span class='ocr_line' id='line_1_32' title="bbox 175 4215 321 4285; baseline -0.007 -14"><span class='ocrx_word' id='word_1_223' title='bbox 175 4215 321 4285; x_wconf 69' lang='lat' dir='ltr'><strong>(thadte.</strong></span> 
     </span>
    </p>
   </div>
   <div class='ocr_carea' id='block_1_4' title="bbox 0 0 1487 4980">
    <p class='ocr_par' dir='ltr' id='par_1_4' title="bbox 0 0 1487 4980">
     <span class='ocr_line' id='line_1_33' title="bbox 0 0 1487 4980; baseline 0 0"><span class='ocrx_word' id='word_1_224' title='bbox 0 0 1487 4980; x_wconf 95' lang='lat' dir='ltr'><strong> </strong></span> 
     </span>
    </p>
   </div>
  </div>
 </body>
</html>
