2910 4980
192 394 251 457 348
465 394 649 456 HISTORIA
669 393 974 457 Bccmlasrlclt.
1037 387 1039 392 ⁸

192 529 358 589 strenuus
374 514 448 585 dux
470 512 717 589 Godebertum
732 540 817 590 ense
831 500 1005 616 peremit,
1022 529 1059 588 et
1077 512 1259 590 Bertarith

192 630 350 731 fugavit,
369 655 568 731 eorumque
587 655 741 731 regnum
755 656 840 703 cum
862 656 987 705 sorore
1009 655 1137 706 eorum
1157 656 1260 705 acce-

192 750 267 847 pit,
282 764 320 823 et
331 774 397 848 per
410 773 450 822 rx
464 775 577 823 annos
593 763 764 848 potenter
776 764 814 822 et
825 749 966 823 utiliter
983 746 1161 822 obtinuit.
1178 746 1259 841 Quo

192 879 340 939 mortuo
371 862 553 938 Bertaritb
591 887 684 937 xvnr
721 863 824 936 annis
860 863 1046 965 regnavit,
1079 877 1117 938 ct
1148 862 1259 935 Cuni-

191 995 336 1080 pertum
354 978 470 1054 filium
486 1005 590 1052 suum
616 981 632 1077 (
640 1005 749 1080 quem
764 978 808 1053 de
825 977 1023 1054 Rodelinda
1040 977 1167 1081 regina
1182 1005 1259 1053 aaa

192 1097 359 1196 ceperat)
380 1113 585 1171 consortem
603 1097 706 1196 regni
725 1097 926 1171 constituit.
945 1093 1067 1170 Ambo
1083 1109 1259 1172 amatura

187 1213 339 1312 justitiae
354 1213 521 1304 suerunt,
536 1213 672 1314 Deique
689 1228 726 1287 ct
741 1216 816 1311 ejas
828 1211 998 1286 Ecclesiae
1009 1211 1172 1286 benivoli
1188 1211 1260 1285 cnl-

193 1343 311 1418 tores,
336 1355 606 1430 pauperumque
625 1327 829 1403 defensores
852 1326 1258 1428 vigueruntrllacberis

192 1444 381 1518 Brixianus
398 1445 471 1518 dux
487 1460 613 1521 contra
631 1470 692 1518 eos
707 1443 915 1531 rebellavit,
935 1460 1121 1544 totamque
1137 1445 1258 1544 regio-

193 1585 278 1632 nem
300 1561 484 1634 multoties
505 1558 638 1661 diuque
656 1558 905 1660 perturbavit,
926 1560 1042 1635 donec
1060 1560 1259 1659 Guniperto

192 1689 375 1774 pugnante
384 1692 604 1774 peremptus,
616 1676 803 1776 malignari
812 1675 930 1749 desiit.
941 1672 1082 1774 Agatho
1090 1698 1259 1776 popm·

192 1805 277 1889 gatu
293 1790 537 1881 Constantini,
551 1793 705 1866 Heraclii
719 1807 755 1866 et
768 1791 905 1867 Tiberii
919 1793 1129 1891 principum
1142 1792 1258 1890 piissi-

192 1933 350 1998 morum,
370 1909 574 1985 Jobannem
593 1910 830 1984 Portuensem
847 1911 1056 2009 episcopum
1072 1923 1109 1983 et
1127 1907 1258 1984 tahan

192 2051 278 2100 nem
286 2024 491 2114 diaconum,
507 2027 668 2128 aliosque
678 2027 811 2126 legatos
819 2043 951 2099 sanctae
963 2026 1137 2099 Romanae
1150 2024 1257 2101 ecch·

191 2144 253 2217 siae
271 2143 626 2244 Constantinopolim
639 2144 756 2233 misit,
771 2141 893 2243 ibique
908 2169 975 2242 per
988 2167 1048 2217 eos
1064 2142 1257 2217 concilium

161 2334 167 2344 ,
193 2286 234 2333 cc
250 2262 501 2362 episcoporum
525 2276 651 2336 contra
669 2260 877 2362 Georgium¹
891 2258 1132 2359 patriarcham
1156 2260 1257 2360 regie

192 2376 292 2450 urbis
322 2393 359 2452 et
385 2377 608 2451 Macharinm
632 2377 837 2451 Antiocbiae
849 2432 860 2465 ,
887 2375 1046 2476 aliosque
1072 2374 1257 2451 haereticos

193 2496 322 2568 tenuit.
351 2496 474 2570 Finito
501 2493 674 2569 conflictu
702 2493 879 2593 Georgius
906 2509 1089 2568 correctus
1120 2508 1200 2583 est,
1223 2507 1256 2569 ct

191 2613 356 2710 pertinax
380 2611 580 2685 Macharins
597 2638 681 2686 cum
699 2613 770 2685 suis
794 2609 1029 2710 complicibus
1048 2612 1255 2686 anathema·

193 2745 319 2802 tizatus
338 2745 402 2804 est.

194 2957 237 2990 ar.
329 2937 452 3010 Inclytus
465 2938 636 3006 Ansbertus,
648 2940 795 3013 probitatis
807 2937 928 2993 culmine
940 2947 1080 3010 comptus,

332 3024 480 3081 Ecclesiam
492 3027 578 3094 rexit,
591 3046 674 3102 quarn
688 3039 780 3083 sancte
789 3027 947 3082 nobilitavit
956 3027 1003 3098 (a).

192 3224 259 3295 Hic
277 3248 369 3297 xvm
383 3224 500 3310 annis,
521 3239 684 3323 tempore
696 3225 840 3310 Leonis,
855 3219 1053 3307 Benedicti,
1068 3219 1251 3305 lobannis,

192 3342 351 3415 Cononis
368 3358 405 3414 et
420 3342 531 3440 Sergii
553 3368 739 3442 paparum,
755 3340 822 3413 sub
839 3340 1080 3414 Constantino
1096 3354 1136 3412 et
1150 3337 1252 3410 Justi·

192 3459 303 3531 niano
312 3457 457 3556 juniore
471 3456 612 3530 claruit.
625 3459 732 3530 Tunc
744 3458 782 3528 in
793 3456 908 3529 Gallia
921 3453 1126 3541 Lotbarius,
1140 3451 1252 3526 Theo

191 3573 331 3647 clericus
347 3589 383 3647 et
400 3574 600 3647 Hildericua
619 3588 881 3672 regnaverunt,
906 3587 942 3643 et
957 3574 1174 3670 majoratum
1190 3567 1251 3642 do·

192 3718 270 3765 mus
287 3693 395 3792 regiae
409 3691 665 3790 Leodegarius,
682 3691 866 3765 Ebroinus
879 3706 916 3763 et
930 3690 1103 3788 Pippinns
1121 3688 1250 3787 primur

193 3807 407 3880 babuerunt.
569 3802 575 3812 “

228 4165 265 4227 (1)
285 4161 361 4216 Saint
376 4163 494 4218 Ansbcrt
508 4161 604 4235 (683-9
618 4164 715 4218 levrici·
729 4159 781 4234 695
798 4179 834 4214 ou
846 4158 923 4233 695).
