2910 4980
200 378 310 455 170'
472 392 654 454 rusroun
676 391 979 455 ecciesiasticis.
1156 398 1262 477 [soor]

247 513 333 587 Post
351 527 508 585 mortem
530 512 700 585 antistitis
720 513 797 602 sui,
822 513 1093 613 Rotomagensis
1115 515 1263 591 ecclesi·

139 652 142 659 ·
198 628 440 703 Lanfrancum
452 629 706 703 Gadomensem
719 627 884 705 abbatem
898 628 967 703 sibi
986 631 1176 728 presulem
1192 631 1262 707 ele·

195 745 262 843 git,
286 759 398 818 etrex
411 743 720 820 Guillelmuscum
733 742 967 842 optimatibus
980 746 1068 832 suis,
1088 748 1262 848 omnique

197 862 333 961 populo
360 861 595 936 libentissime
620 863 807 937 concessit.
839 861 906 936 Sed
932 863 989 935 vir
1013 862 1089 938 Deo
1110 863 1261 941 devotis

197 994 233 1050 et
250 976 443 1071 humilitati
460 978 605 1051 studens
620 977 708 1051 tanti
731 978 905 1077 primatus
927 979 1102 1051 sarcinam
1119 978 1261 1053 refuta·

198 1097 270 1185 vit,
297 1110 334 1168 et
360 1092 428 1168 sibi
454 1092 499 1167 ad
526 1094 622 1167 hunc
649 1094 785 1191 apicem
815 1109 894 1169 toto
923 1111 1056 1169 conatu
1082 1097 1261 1173 loannem

196 1210 509 1286 Abrincatensium
522 1211 708 1311 praesulem
727 1210 899 1309 praeferre
914 1213 1054 1312 sategit.
1069 1214 1199 1303 Porro,
1219 1230 1261 1287 nt

196 1330 368 1404 canonice
392 1328 494 1404 fieret
518 1329 582 1400 ista
610 1328 834 1426 conjugatio,
865 1329 1016 1401 Romam
1038 1328 1145 1417 adiit,
1161 1356 1261 1430 prae·

195 1448 301 1520 dictae
317 1446 554 1521 ordinationis
576 1445 759 1519 licentiam
784 1444 830 1517 ab
847 1444 1051 1520 Alexandro
1072 1472 1161 1545 papa
1184 1446 1258 1521 im·

197 1565 376 1661 petravit,
395 1589 534 1635 sacrum
548 1587 693 1662 quoque
709 1561 876 1660 pallium,
894 1560 1039 1635 undeet
1053 1563 1119 1659 ipsi
1136 1577 1174 1636 et
1190 1563 1259 1635 toti

196 1681 429 1753 Normanniae
443 1678 672 1780 gloriandum
682 1694 772 1768 erat,
789 1706 872 1752 cum
883 1679 1026 1754 licentia
1040 1679 1257 1779 deportavit.

244 1799 399 1871 loannes
416 1798 535 1898 itaque
552 1798 595 1871 de
607 1796 689 1871 sede
702 1796 974 1885 Abrincatensi,
995 1824 1103 1898 quam
1120 1824 1174 1873 vn
1191 1824 1260 1873 au-

195 1917 251 1987 nis
263 1931 301 1988 et
313 1913 546 1988 tumensibus
556 1933 711 2003 rexerat,
718 1932 919 2015 assumptus
930 1932 983 1988 est
992 1969 1003 2002 ‚
1015 1932 1052 1990 et
1067 1931 1260 2015 metropo-

197 2031 328 2103 litanus
341 2033 610 2131 Rotomagensis
625 2031 740 2105 factus
757 2048 811 2107 est
828 2032 900 2130 (t).
919 2032 987 2105 llic
1002 2031 1131 2107 ardore
1146 2032 1260 2105 virtu·

194 2166 273 2222 tum
300 2150 336 2222 in
367 2147 485 2223 verbis
519 2166 556 2223 et
589 2148 758 2249 operibus
789 2148 1040 2247 multipliciter
1074 2147 1257 2239 fervebat,

194 2267 379 2367 nimioque
389 2267 465 2339 zelo
484 2268 625 2339 invitia
644 2283 685 2339 ut
701 2266 851 2341 Phineos
867 2264 1048 2340 saeviebat.
1072 2266 1261 2357 Quantum

192 2409 280 2456 vero
292 2383 336 2454 ad
349 2384 466 2455 saeculi
482 2382 693 2481 dignitatem
706 2381 897 2469 attinebat,
907 2410 1048 2482 magnae
1060 2381 1260 2456 nobilitatis

192 2496 354 2595 lampade
377 2497 531 2571 cluebat.
554 2498 643 2571 Erat
663 2501 759 2573 enirn
790 2498 884 2573 filius
905 2496 1084 2598 Radulplti
1116 2498 1261 2572 comitis

193 2615 457 2716 Buj0censium,
479 2620 541 2717 qui
569 2617 681 2691 srater
707 2618 825 2692 luerat
845 2619 1009 2691 uterinus
1035 2615 1179 2688 Ricardi
1203 2640 1261 2689 se-

193 2735 307 2806 nioris
329 2735 429 2807 ducis
459 2736 756 2809 Normannorum
778 2737 841 2833 (a).
859 2738 988 2808 Decem
1008 2736 1129 2832 itaque
1155 2731 1260 2804 annis

194 3032 257 3067 coru
269 3032 324 3068 une
335 3017 497 3088 inscription
507 3018 612 3072 roisine
622 3017 656 3072 de
668 3015 887 3089 l’emplacement
898 3017 933 3071 de
944 3033 971 3069 sa
983 3014 1087 3070 tombe.
1102 3014 1141 3070 Cc
1153 3012 1257 3087 prela,

193 3105 253 3156 ndi
267 3103 370 3171 Raima,
382 3106 454 3159 avait
462 3105 625 3162 administri}
637 3125 692 3162 une
705 3106 808 3178 abbaye
819 3108 835 3159 ὲ
847 3104 989 3159 Florence.
1002 3104 1039 3159 la
1049 3102 1181 3158 de'dicace
1190 3100 1260 3157 dont

193 3205 273 3249 notre
286 3206 386 3250 auteur
401 3197 476 3270 parle
492 3199 527 3253 ici
541 3200 612 3253 avait
625 3217 660 3253 eu
673 3198 730 3252 lieu
745 3217 780 3252 au
794 3197 865 3252 mois
877 3196 1020 3251 d’octobre
1037 3192 1114 3250 1063.

228 3287 266 3355 (ι)
283 3288 365 3352 dean,
383 3292 543 3343 surnomme
553 3288 756 3353 d'Avranches‚
771 3289 874 3362 dieque
887 3286 1074 3342 ‹l'Avranches
1085 3305 1120 3341 en
1138 3294 1259 3358 septem·

192 3373 242 3427 bre
259 3373 337 3441 1060,
353 3375 523 3451 archevleque
536 3375 571 3431 de
584 3376 682 3431 llouen
693 3395 729 3430 en
745 3375 821 3451 1067,
835 3375 942 3430 cdlebre
952 3392 1002 3447 par
1012 3390 1054 3427 ses
1067 3371 1188 3427 dembles
1197 3388 1260 3426 avec

192 3461 231 3515 les
248 3463 354 3518 moines
368 3464 403 3520 de
416 3464 605 3527 Subit-Ouen,
626 3467 698 3519 aussi
716 3466 781 3520 bien
795 3484 850 3538 que
863 3485 912 3537 par
925 3464 950 3518 la
969 3465 1089 3518 hauteur
1101 3461 1137 3516 de
1150 3480 1202 3517 son
1214 3478 1260 3516 ct·

192 3554 306 3606 tantine.

227 3644 264 3711 (a)
284 3642 386 3710 naon,
402 3656 492 3699 comte
505 3644 589 3699 d'lvri
602 3655 631 3699 et
644 3645 679 3698 de
692 3645 813 3717 Bayeux,
828 3643 900 3697 frere
914 3643 1008 3696 uterin
1025 3640 1061 3695 de
1072 3637 1198 3693 Richard
1211 3638 1260 3705 1«,

192 3751 299 3787 comme
318 3733 359 3788 lils
377 3734 413 3788 de
432 3735 544 3808 Sprote‚
566 3753 593 3789 sa
613 3735 703 3801 mere,
722 3744 752 3789 et
770 3732 966 3807 d’llsperleng‚
986 3731 1064 3785 riche
1080 3729 1210 3784 meunier
1221 3727 1260 3783 dn

196 3822 348 3877 Vaudreuil
361 3820 450 3892 (ditte
463 3827 659 3880 continuatenr
671 3824 707 3880 de
720 3823 881 3878 Guillaume
893 3822 928 3878 de
941 3822 1107 3893 subteges),
1118 3823 1133 3874 a
1145 3819 1196 3892 qui
1208 3817 1262 3875 elle

192 3929 219 3964 se
234 3914 320 3966 maria
331 3915 410 3985 apres
423 3913 448 3967 la
460 3925 533 3968 mort
544 3914 578 3968 de
589 3899 976 3985 Guillaume-Longue-Epee.
990 3911 1029 3967 Ce
1039 3909 1160 3981 mariage
1172 3908 1262 3980 perai-

192 4011 235 4054 tra
248 4004 338 4056 moins
355 4003 599 4077 disproportionne
617 4003 712 4077 quand
725 4021 761 4057 on
774 4021 802 4056 se
817 4001 969 4074 reppelleia
983 3999 1083 4074 qu'elle
1096 3997 1195 4054 n‘etait
1205 4015 1261 4071 quc

194 4088 219 4142 la
232 4092 386 4146 concubine
398 4094 436 4148 du
450 4095 594 4167 p1·incc,et
606 4095 672 4168 qu’il
683 4094 756 4148 avait
764 4110 819 4146 une
829 4093 931 4147 lemme
940 4091 1074 4164 ldgifimr,
1088 4089 1114 4143 la
1127 4088 1261 4143 duchesne

196 4180 363 4252 leutgarde,
378 4185 426 4255 qui
439 4187 540 4256 dpoitsa
550 4203 585 4239 en
595 4184 753 4240 deuxiemcs
767 4200 848 4237 noces
858 4182 1005 4250 Thibaud,
1021 4189 1111 4235 conite
1123 4178 1158 4233 de
1170 4178 1261 4236 char-
