2910 4980
190 427 277 503 [ιιι]
559 421 675 481 uranu
696 418 888 496 Quassus,
1193 423 1255 482 aaa

190 568 321 646 aquam
334 542 429 614 intra
446 539 631 639 palpebras
648 543 732 614 caeci
751 541 921 642 guttatim
933 540 1092 613 stillavit.
1112 541 1167 614 Ad
1182 546 1258 615 lac-

194 677 272 733 tum
298 659 424 756 primae
444 672 558 756 guttae
581 657 694 733 oculis
715 657 838 732 lumen
862 656 1044 731 redditum
1062 673 1116 731 est
1127 687 1138 746 ς
1162 661 1258 737 unde

195 775 420 849 illuminatus
437 773 690 873 paterfamilias
712 803 777 873 per
794 776 919 848 merita
939 775 1051 847 sancti
1068 773 1236 859 Guthlaci
1246 833 1257 866 ,

194 893 324 994 gratias
347 891 432 990 egit.
456 891 563 962 Multi
581 917 727 991 quoque
746 892 804 964 alii
823 890 971 965 diversis
991 891 1261 966 infirmitatibus

193 1009 353 1110 gravati,
374 1008 503 1080 auditis
522 1008 730 1082 rumoribus
751 1007 1008 1082 miraculorum
1028 1007 1123 1082 beati
1143 1007 1261 1083 Guth-

195 1125 282 1211 laci,
295 1122 489 1221 palustrem
502 1123 745 1212 Crulandiam,
755 1122 816 1195 ubi
832 1140 994 1196 sanctum
1005 1148 1137 1222 corpus
1149 1126 1264 1224 quies-

194 1240 260 1327 cit,
274 1237 419 1327 adeunt,
432 1243 576 1339 ejusque
587 1240 726 1312 meritis
738 1239 925 1312 sanitatem
938 1240 1115 1339 integram
1128 1239 1262 1340 adepti,

195 1359 273 1432 Deo
289 1357 419 1456 gratias
436 1355 612 1430 referunt.
708 1426 714 1439 ,
1061 1376 1065 1381 ·

246 1471 348 1546 xvl.
357 1472 437 1544 Huc
448 1496 560 1570 usque
571 1472 696 1544 Felicis
707 1472 862 1571 episcopi
876 1473 1006 1570 scripta
1017 1472 1061 1545 de
1070 1471 1252 1546 venerabil

197 1587 377 1665 Guthlaco
389 1588 547 1663 breviter
559 1604 700 1662 secutus
711 1615 791 1660 sum
801 1591 872 1687 (ι),
885 1606 921 1662 et
933 1588 1016 1661 huic
1029 1590 1203 1688 opusculo
1215 1591 1266 1662 in·

198 1706 293 1781 serui
305 1705 349 1779 ad
362 1706 501 1778 laudem
516 1706 580 1778 Dei
594 1721 631 1780 et
643 1704 804 1780 fidelium
817 1705 1093 1779 aedificationem
1106 1730 1264 1779 morum.

198 1823 336 1897 Cretera
363 1849 446 1924 quae
476 1838 612 1896 restant
642 1825 686 1896 de
713 1823 985 1897 constructione
1014 1823 1267 1897 crulandensis

199 1941 406 2013 monasterii
423 1956 460 2011 et
474 1937 695 2012 habitatione
707 1937 995 2028 coenobitarum,
1016 1965 1058 2013 ex
1075 1941 1189 2012 veraci
1206 1967 1268 2013 re-

199 2054 336 2129 latione
350 2053 499 2152 Ansgoti
522 2053 741 2152 subprioris,
760 2054 986 2153 aliorumque
1004 2054 1186 2153 proferam
1207 2082 1267 2128 se-

199 2171 361 2244 niorum.
394 2171 470 2243 Rex
503 2168 734 2255 Edelbaldus,
762 2184 804 2239 ut
830 2168 973 2242 beatum
1003 2169 1268 2259 consolatorem

198 2309 304 2357 suum
321 2284 502 2356 miraculis
519 2308 705 2357 coruscare
723 2285 917 2382 comperit,
939 2285 1059 2358 locum
1073 2287 1268 2384 sepulturae

199 2401 274 2497 ejus
291 2399 448 2498 gaudens
469 2399 637 2497 expetiit,
659 2413 697 2469 et
717 2424 853 2498 eaquae
872 2398 979 2472 beato
999 2399 1079 2474 viro
1092 2403 1166 2500 jam
1183 2427 1268 2501 reg-

199 2541 291 2589 num
301 2516 449 2615 adeptus
459 2516 656 2589 donaverat
665 2516 745 2612 (a),
761 2515 998 2588 servientibus
1012 2517 1043 2590 ei
1058 2519 1267 2616 perenniter

200 2634 388 2706 concessit.
404 2633 495 2705 Nam
508 2631 664 2731 quodam
680 2648 855 2728 tempore,
875 2630 961 2703 dum
980 2632 1074 2706 idem
1090 2659 1155 2706 rex
1165 2658 1266 2705 causa

200 2750 368 2823 visitandi
382 2766 575 2848 patronum
588 2774 706 2836 suum,
722 2764 916 2847 autequam
925 2751 1107 2849 migraret,
1118 2751 1267 2823 Crulan·

199 2865 298 2939 diam
313 2864 446 2952 adiret,
463 2880 500 2939 et
516 2866 572 2936 vir
590 2864 654 2937 Dei
672 2865 830 2963 quietam
848 2867 1071 2941 mansionem
1089 2869 1125 2940 in
1144 2869 1266 2941 eadem

201 2982 317 3055 insula
330 2981 397 3054 sibi
414 2980 460 3053 ab
474 3007 518 3055 eo
530 2980 678 3054 concedi
691 2980 909 3079 postularet,
923 2983 1083 3083 quinque
1100 2984 1265 3057 milliaria

200 3099 437 3172 adorientem
452 3128 461 3170 ι
478 3099 514 3172 id
528 3097 637 3171 estad
650 3097 780 3170 fossam
795 3122 878 3199 quae
892 3098 1101 3196 Asendic(3)
1116 3098 1263 3187 dicitur,

202 3233 239 3290 et
260 3219 331 3289 tria
353 3216 395 3289 ad
413 3217 657 3304 occidentem,
679 3215 823 3314 duoque
839 3215 882 3287 ad
906 3216 1113 3303 meridiem,
1133 3232 1170 3289 et
1189 3219 1262 3293 duo

202 3331 246 3404 ad
258 3332 466 3432 aquilonem
482 3333 670 3419 concessit,
684 3347 721 3405 ct
732 3331 777 3402 ab
790 3333 889 3404 omni
902 3330 1043 3405 redditu
1057 3349 1164 3432 atque
1178 3359 1264 3405 con·

202 3449 392 3522 suetudine
412 3448 572 3521 saeculari
591 3446 762 3523 omnibus
787 3449 902 3522 modis
926 3447 1100 3536 absolvit,
1124 3465 1160 3522 et
1181 3449 1264 3523 inde

238 3739 278 3808 (ι)
295 3738 376 3793 Cette
388 3737 430 3791 vie
447 3737 482 3792 de
495 3739 566 3792 saint
582 3736 706 3793 Guthlae
717 3748 759 3791 est
777 3755 812 3791 en
825 3736 888 3792 effet
900 3754 939 3791 un
955 3737 1055 3793 extruit
1069 3740 1126 3794 tres
1138 3737 1218 3797 fidele
1230 3742 1265 3797 de

204 3827 272 3883 celle
290 3827 329 3882 dn
347 3829 441 3884 moine
453 3839 482 3884 et
497 3847 554 3884 non
570 3828 605 3883 de
622 3827 744 3901 l'erdque
757 3825 849 3896 Felix,
864 3828 971 3882 inserte
983 3843 1019 3882 en
1032 3828 1123 3883 entier
1140 3826 1209 3885 dans
1227 3832 1266 3888 les

205 3918 279 3972 Acta
289 3918 342 3972 SS.
358 3917 464 3973 ordinis
477 3919 507 3973 S.
520 3918 679 3986 Benedicti,
695 3936 759 3972 saec.
776 3934 815 3970 ιιι.

236 4009 277 4077 (a)
295 4005 415 4063 Orderic
427 4025 545 4081 suppose
555 4026 610 4082 que
622 4026 653 4063 ee
665 4009 708 4062 roi
722 4007 832 4080 parvint
843 4022 879 4061 au
892 4005 972 4062 triane
987 4006 1026 4061 du
1035 4008 1126 4064 vivant
1134 4006 1174 4064 du
1184 4012 1264 4067 saint.

238 4092 278 4165 (3)
295 4097 375 4152 Cette
391 4097 461 4151 losse
475 4097 570 4152 n’etait
588 4098 667 4170 point
680 4101 695 4151 a
708 4097 818 4153 l'orient
830 4096 866 4152 de
878 4096 1043 4166 Crowland,
1059 4098 1126 4154 mais
1136 4119 1171 4156 au
1181 4098 1265 4170 nord,

208 4185 275 4242 dans
289 4186 314 4241 le
328 4188 465 4262 voisinage
477 4189 512 4244 de
525 4187 669 4261 Spalding.
