2926 4980
204 430 375 506 [manaa
393 427 484 503 roca]
580 422 896 487 trasumenus.
1215 430 1273 486 157

201 547 501 624 Normannorum
528 546 566 618 in
592 570 723 646 regem¹
740 545 948 646 Anglorum
973 546 1211 633 consecravit,
1238 562 1275 619 ct

201 658 363 738 diadema
378 662 519 764 regium
536 662 642 762 capiti
661 664 735 760 ejus
752 662 953 762 imposuit(
979 663 1009 759 ).

250 779 393 852 luteres
410 779 603 878 instigante
618 778 767 863 Satana,
785 776 847 877 qui
865 774 972 851 bonis
988 776 1158 851 omnibus
1176 804 1272 854 con-

202 897 336 970 trarius
353 911 425 985 cst,
445 897 652 995 importuna
669 923 726 969 res
739 896 885 996 utrique
902 894 1053 994 populo,
1071 911 1107 968 et
1122 911 1273 993 porten-

203 1013 426 1086 tumfuturae
438 1013 647 1085 calamitatis
659 1039 703 1085 ex
717 1013 914 1112 improviso
923 1027 1092 1085 exortum
1102 1029 1167 1086 est.
1180 1015 1271 1087 Nam

199 1130 291 1203 dum
307 1128 503 1205 Adelredus
519 1130 651 1229 praesul
670 1129 915 1229 alloqueretur
930 1128 1088 1228 Anglos,
1112 1146 1148 1203 et
1165 1129 1273 1205 Gois-

200 1244 324 1320 fisdus
347 1244 670 1321 Constantiniensis
687 1244 939 1330 Normannos,
965 1272 1009 1317 an
1031 1243 1272 1319 concederent

200 1361 440 1437 Guillelmum
456 1389 605 1463 regnare
620 1389 728 1462 super
743 1388 803 1449 se,
823 1377 860 1435 et
876 1362 1032 1435 universi
1057 1388 1272 1436 consensum

198 1478 354 1554 hilarem
373 1495 661 1579 protestarentur
682 1505 753 1553 una
774 1505 861 1553 soce
872 1532 884 1566 ,
906 1506 982 1554 nou
1008 1480 1115 1552 unius
1137 1481 1270 1580 linguae

199 1598 408 1688 locutione,
423 1598 549 1670 armati
574 1595 724 1685 milites,
743 1598 1049 1696 qui‘extrinsecus
1073 1615 1177 1671 erant
1202 1625 1271 1697 pro

195 1739 351 1788 anorum
372 1715 546 1802 tuitione,
565 1739 651 1786 mox
664 1729 706 1785 ut
717 1712 1012 1788 vociferationem
1033 1715 1270 1816 gaudentisin

199 1829 345 1904 ecclesia
355 1831 481 1930 populi
500 1846 536 1904 et
553 1831 687 1931 ignotae
703 1830 835 1931 linguae
849 1832 1042 1929 strepitum
1056 1830 1267 1919 audierunt,

197 1972 280 2022 rem
291 1948 473 2040 sinistram
486 1946 664 2034 arbitrati,
676 1946 857 2020 llammam
869 1947 1006 2020 aedibus
1021 1950 1270 2048 imprudenter

196 2065 416 2164 injecerunt.
433 2069 612 2138 Currente
628 2065 842 2138 festinanter
855 2091 920 2164 per
933 2065 1060 2140 domos
1080 2066 1247 2140 incendio
1255 2121 1266 2155 ,

197 2179 304 2280 plebs
319 2207 400 2281 quae
420 2183 458 2254 in
479 2181 623 2255 ecclesia
640 2179 832 2253 laetabatur
851 2180 1082 2281 perturbata,
1109 2199 1145 2255 et
1170 2184 1268 2255 mul-

198 2297 321 2372 titudo
345 2299 509 2372 virorum
539 2325 579 2371 ac
610 2297 805 2372 mulierum
832 2298 981 2371 diversae
1014 2299 1198 2399 dignitatis
1232 2316 1268 2372 et

196 2415 401 2516 qualitatis,
419 2416 623 2490 infortunio
645 2433 882 2517 perurgente,
898 2417 1063 2492 celeriter
1083 2415 1267 2491 basilicam

196 2559 334 2634 egressa
356 2551 421 2607 est.
442 2534 516 2607 Soli
535 2535 704 2634 praesules
722 2550 761 2608 et
776 2538 879 2635 pauci
900 2536 1019 2609 clerici
1040 2561 1122 2609 cum
1139 2561 1267 2609 mona-

195 2647 275 2723 chis
300 2651 457 2723 nimium
481 2651 698 2750 trepidantes
724 2669 808 2725 ante
832 2679 929 2724 aram
956 2654 1209 2750 perstiterunt,
1231 2667 1268 2727 et

194 2767 355 2842 officium
372 2770 650 2843 consecrationis
675 2796 782 2868 super
804 2795 925 2869 regem
941 2767 1172 2842 vehementer
1194 2785 1267 2842 tre-

195 2899 357 2958 mentem
370 2886 430 2957 vix
446 2901 682 2986 peregerunt,
699 2886 831 2986 aliique
844 2912 936 2984 pene
950 2910 1075 2958 omnes
1087 2884 1131 2957 ad
1144 2886 1264 2986 ignem

195 3000 306 3073 nimis
322 2999 505 3074 furentem
518 3021 776 3091 cucurrerunt,
790 3001 937 3102 quidam
952 3018 992 3074 ut
1007 3004 1080 3075 vim
1094 3002 1165 3076 loci
1179 3003 1266 3075 viri-

195 3116 284 3191 liter
297 3133 483 3208 occarent,
499 3134 536 3191 et
550 3119 671 3216 plures
686 3134 726 3191 ut
744 3119 782 3190 in
797 3133 896 3191 tanta
912 3118 1183 3217 perturbatione
1196 3118 1263 3191 sihi

195 3234 559 3336 praedasdjriperent.
581 3237 686 3337 Angli
703 3236 897 3310 factionem
917 3252 989 3307 tam
1005 3236 1192 3330 insperatae
1212 3238 1262 3307 rei

196 3353 437 3427 dimetientes
449 3354 556 3425 nimis
582 3354 662 3427 irati
687 3369 797 3442 sunt,
825 3369 863 3428 et
887 3369 1009 3452 postea
1035 3353 1265 3425 Normannos

196 3494 338 3569 semper
363 3485 544 3568 suspectos
569 3469 792 3557 habuerunt,
818 3485 856 3543 et
880 3468 1010 3543 infidos
1035 3467 1103 3541 sibi
1129 3467 1263 3567 dijudi-

196 3599 318 3659 cantes
335 3585 486 3659 ultionis
505 3603 646 3685 tempus
663 3586 707 3659 de
724 3588 773 3659 eis
790 3601 1018 3685 optaverunt.

246 3701 333 3776 XV.
348 3702 560 3802 Susceptum
574 3704 694 3803 itaque
709 3702 900 3802 imperium
914 3701 1130 3776 Guillelmus
1143 3728 1206 3774 rex
1226 3702 1262 3772 in

230 4015 273 4081 (t)
289 4012 348 4068 Gui
368 4011 524 4078 d’Amiens,
545 4013 595 4086 qui
615 4011 666 4068 fait
679 4031 734 4068 une
746 4013 850 4086 longae
862 4024 892 4070 et
908 4015 1074 4070 minutieuse
1092 4013 1262 4086 description

193 4100 266 4156 dela
278 4119 420 4156 courouue
432 4100 467 4154 de
476 4100 650 4167 Guillaurne,
664 4102 866 4176 ajoutequ'elle
874 4105 919 4159 lut
932 4103 1069 4180 l’ouvrage
1078 4102 1146 4158 d'un
1154 4103 1261 4158 orldrre

193 4190 335 4262 byzantia.
