2910 4980
190 432 357 510 [673-699]
565 428 681 490 LIBER
698 418 893 504 Qt'ttttros.
1196 435 1256 495 209

190 548 329 648 digium
353 545 496 647 populis
519 545 637 644 palam
662 562 845 620 ostensum
870 561 935 619 est.
963 547 1091 621 Manus
1117 550 1256 623 enimc

191 660 351 736 nubibus
373 662 417 733 ad
434 666 589 735 ''crucem
611 675 776 759 porrecta
805 676 876 751 cst,
905 686 986 761 quae
1014 678 1097 735 ante
1122 665 1256 737 ostium

189 777 320 854 domus
340 776 511 877 parientis
535 777 652 850 Tettae
670 792 764 850 stare
782 778 854 849 visa
877 792 942 850 est.
967 779 1054 851 Post
1077 795 1162 854 octo
1181 779 1256 854 dies

191 894 313 967 inians
328 891 544 992 baptizatur,
562 907 599 967 et
614 891 810 968 Gutblacus
827 924 836 964 ε
857 894 959 967 idest
971 893 1057 969 belli
1072 922 1217 986 munus,
1236 925 1256 969 a

191 1010 321 1098 tribu,
342 1036 450 1111 quam
475 1009 730 1110 Gutblacingas
756 1010 900 1099 dicunt,
932 1012 1143 1111 appellatur.
1171 1016 1257 1089 Post

189 1131 320 1204 mitem
332 1128 537 1227 pueritiam,
552 1126 639 1200 dum
652 1126 899 1201 adolescentiae
912 1127 1068 1202 calorem
1078 1132 1255 1218 sensisset,

191 1261 230 1319 et
245 1245 399 1320 heroum
411 1244 521 1319 sortia
537 1260 633 1344 gesta
646 1245 921 1333 considerasset,
938 1250 1133 1345 aggregatis
1148 1248 1256 1321 satel-

192 1362 301 1436 litum
319 1363 447 1435 turmis
460 1360 504 1433 ad
519 1388 618 1433 arma
634 1388 671 1435 se
687 1362 888 1450 convertit,
907 1361 1046 1461 sibique
1062 1361 1256 1436 adversan-

192 1481 286 1553 tium
309 1478 409 1551 villas
432 1494 470 1552 et
488 1478 709 1552 munitiones
734 1478 833 1578 igne,
859 1477 1029 1578 ferroque
1044 1479 1202 1552 devastat
1220 1498 1256 1554 et

191 1595 389 1696 disperdit,
415 1595 668 1694 immensisque
687 1593 818 1694 praedis
838 1594 986 1695 direptis
1007 1598 1150 1670 tertiam
1170 1627 1256 1697 par-

165 1790 170 1805 .
193 1725 268 1786 tem
290 1727 420 1810 sponte
446 1709 501 1785 bis
523 1709 653 1811 quibus
675 1709 835 1783 ablatum
854 1727 925 1799 est,
951 1739 1020 1810 pro
1044 1739 1166 1787 amore
1190 1715 1255 1786 Dei

192 1825 513 1901 remittit.·l)einde
526 1826 737 1898 transcursis
749 1846 790 1897 rx
804 1824 927 1916 annis,
938 1826 976 1898 in
990 1827 1122 1926 quibus
1137 1826 1256 1900 hostes

192 1942 295 2017 valde
316 1943 488 2016 afflixerat
504 1940 661 2015 cedibus
678 1958 714 2015 et
734 1943 888 2041 rapinis,
910 1944 1131 2017 considerata
1155 1972 1257 2018 mor-

193 2058 275 2132 talis
286 2059 372 2131 ritae
385 2055 578 2156 fragilitate
595 2072 632 2131 et
648 2058 860 2130 caducarum
874 2082 996 2131 rerum
1009 2058 1254 2147 instabilitate,

194 2175 343 2251 territus
366 2173 410 2247 ad
433 2175 589 2272 seipsum
607 2175 722 2264 redit,
744 2199 871 2275 seque,
888 2201 929 2247 ac
947 2175 976 2246 si
999 2191 1155 2250 mortem
1179 2204 1255 2275 prae

194 2291 310 2368 oculis
333 2291 488 2382 videret,
517 2290 681 2381 discutit,
707 2307 743 2366 et
768 2292 1021 2366 emendatioris
1050 2294 1134 2367 vitoe
1162 2296 1256 2367 viam

194 2407 338 2510 aggredi
356 2409 493 2508 satagit.
521 2408 635 2508 Igitur
658 2406 849 2506 complices
872 2433 953 2482 suos·
973 2409 1166 2510 relinquit,
1191 2438 1259 2510 pa-

195 2541 316 2599 rentes
337 2540 375 2599 et
396 2528 569 2623 patriam,
592 2526 813 2625 comitesque
829 2524 1075 2599 adolescentiae
1097 2551 1170 2598 suae
1188 2554 1257 2626 pro

195 2639 341 2713 Cbristo
349 2640 564 2728 contemnit,
575 2654 612 2713 et
624 2648 690 2712 xx⁰
706 2652 755 2713 1v⁰
767 2641 882 2713 aetatis
891 2666 964 2712 suae
973 2667 1070 2714 anno
1078 2640 1258 2714 abrenun-

196 2758 290 2831 dans
301 2757 423 2831 saeculi
439 2759 580 2858 pompis
595 2756 786 2857 Ripaduun
802 2760 858 2858 (r)
876 2760 1134 2833 monasterium
1149 2761 1255 2848 adiit,

196 2875 320 2978 ibique
335 2874 404 2948 sub
423 2873 596 2948 abbatissa
613 2874 762 2948 nomine
777 2874 920 2948 Elfdrid
935 2890 1140 2966 tonsuram,
1158 2876 1258 2949 babi-

197 3007 348 3092 tumque
361 2990 560 3065 clericalem
572 2991 738 3090 suscepit.
756 2992 881 3066 Postea
895 2992 941 3065 ab
953 2992 1126 3068 ebrietate
1137 2997 1259 3068 omni-

197 3135 267 3211 que
283 3109 424 3183 lascivia
445 3124 524 3185 toto
550 3109 632 3182 nisu
651 3107 862 3198 declinavit,
886 3111 1060 3210 omnique
1081 3108 1258 3185 honestati

197 3241 233 3299 et
247 3225 417 3325 religioni
433 3251 502 3325 pro
520 3222 678 3298 humano
694 3251 796 3322 posse
813 3225 961 3298 studuit..
983 3225 1051 3297 Per
1070 3225 1259 3297 biennium

197 3342 459 3417 samis-litteris
485 3356 521 3415 et
547 3343 753 3416 monasticis
778 3340 975 3439 disciplinis
1001 3339 1161 3412 imbutus
1185 3356 1256 3427 est,

198 3461 257 3535 scd
286 3458 343 3533 bis
369 3475 510 3533 tantum
536 3474 728 3532 contentus
755 3485 830 3532 non
857 3474 922 3530 est.
949 3457 1041 3529 Nam
1065 3458 1258 3530 eremiticae

199 3574 283 3650 vitae
294 3576 473 3676 singulare
485 3590 665 3650 certamen
680 3577 837 3674 arripere
848 3590 996 3648 conatus
1012 3590 1083 3662 est,
1099 3573 1160 3645 ubi
1176 3600 1258 3646 cum

200 3692 302 3767 hoste
320 3693 483 3766 cominus
500 3693 652 3765 luctatus
664 3708 729 3764 est.

233 4009 273 4079 (ι)
291 3964 408 4064 Sdivaut
427 4006 573 4073 Mabillon,
594 4007 660 4061 c'est
682 4005 708 4060 le
726 4008 880 4061 monestere
897 4009 1009 4061 nomme'
1026 4005 1192 4076 Rapendum
1210 4025 1259 4078 par

200 4093 361 4150 Gnillaume
368 4094 404 4148 de
411 4094 607 4165 Malmesbury‚
617 4094 700 4168 etqui
709 4094 855 4148 etaitsitue
862 4093 930 4147 dans
938 4092 963 4147 le
970 4093 1117 4149 Cbesbire.
1124 4093 1150 4147 ll
1159 4112 1194 4147 ne
1202 4094 1260 4148 lant

201 4201 248 4256 pas
255 4185 281 4238 le
295 4184 447 4240 conlondre
461 4205 523 4240 avec
535 4185 606 4239 celui
617 4184 652 4239 de
660 4184 753 4256 Ripon
767 4184 834 4240 dans
845 4183 1022 4254 l'Yorltshire,
1033 4185 1070 4239 oia
1080 4183 1100 4239 il
1109 4185 1152 4240 ula
1162 4184 1262 4255 jamnis
