2910 4980
197 463 408 548 [soor-rosa]
569 462 687 527 tmen
706 463 885 526 mamus.
1181 528 1184 534 ,
1223 473 1261 530 91

197 585 345 662 abbates
368 601 647 680 assumerentur,
672 600 876 688 sanctaeque
898 587 1004 660 matri
1027 586 1196 661 Ecclesiae
1220 589 1265 661 ad

196 703 378 781 honorem
394 703 469 777 veri
491 703 583 804 regis
601 728 670 802 pro
686 702 799 778 salute
817 704 1018 777 animarum
1035 703 1264 802 praeficeren-

197 835 274 895 tur.
284 826 459 895 praterea
476 820 725 920 magnanimus
740 819 813 893 dux
827 820 975 894 tertium
991 820 1204 895 coenobium
1223 822 1259 894 in

199 937 340 1012 honore
352 935 464 1009 sancti
477 935 659 1010 Michaelis
675 935 877 1036 archangeli
897 938 936 1011 in
946 935 1036 1011 urhe
1053 937 1193 1012 Mellito
1207 939 1267 1037 (1)

197 1069 449 1130 constructum
460 1052 647 1130 Rodberto
660 1051 780 1126 abbati
796 1053 955 1146 tradidit,
969 1056 1068 1154 quod
1082 1056 1157 1155 ipse
1167 1054 1266 1128 Wil-

196 1171 314 1246 lermo
325 1168 497 1271 lngmnni
507 1168 598 1258 filio,
613 1171 676 1270 qui
689 1170 783 1269 apud
796 1170 944 1243 Uticam
956 1187 1063 1244 natus
1078 1186 1114 1245 et
1126 1171 1170 1244 ad
1188 1171 1265 1246 cle-

196 1287 351 1359 rimtum
363 1302 553 1385 promotus
565 1285 703 1377 fuerat,
715 1286 775 1360 sed
787 1286 880 1385 apud
892 1302 1051 1361 sanctam
1063 1286 1264 1361 Eulemiarn

196 1401 451 1477 monachatum
467 1421 689 1502 susceperat,
712 1405 989 1478 commendavit.
1009 1407 1052 1478 ln
1070 1404 1125 1478 his
1145 1406 1267 1506 itaque

196 1517 314 1592 tribus
329 1519 556 1594 monasteriis
571 1519 684 1595 ltaliae
701 1520 879 1594 Uticensis
902 1536 1029 1594 cantus
1045 1523 1202 1610 canitur,
1228 1536 1265 1595 et

193 1637 414 1711 monasticus
422 1637 516 1712 ordo
525 1664 640 1738 usque
650 1636 771 1728 hodie,
780 1654 892 1737 prout
902 1638 1266 1738 opportunitasillius

194 1752 351 1852 regionis
367 1767 406 1827 et
420 1779 522 1827 amor
539 1751 778 1828 habitantium
792 1755 991 1854 permittit,
1010 1753 1235 1829 observatur.

242 1869 333 1942 Duae
355 1893 495 1944 sorores
518 1872 671 1944 uterinae
689 1871 865 1946 liodberti
888 1870 1056 1945 abbatis:
1083 1870 1210 1946 Judith
1227 1885 1263 1945 et

194 1988 341 2075 Emma,
360 1986 454 2086 apud
474 1987 622 2062 Uticam
641 1989 679 2061 in
696 1989 829 2088 capella
849 1990 961 2062 sancti
978 1986 1122 2063 Ebrulfi
1139 2013 1264 2061 mora-

194 2097 350 2191 bantur,
376 2096 412 2176 e't
434 2101 501 2175 snb
522 2129 625 2177 sacro
648 2104 824 2177 velamine
850 2103 988 2177 mundo
1009 2105 1259 2189 renunciasse,

194 2215 341 2318 Dcoque
368 2218 435 2293 soli
464 2245 530 2318 par
556 2218 772 2293 munditiam
798 2220 916 2294 cordis
946 2236 984 2294 et
1007 2220 1170 2320 corporis
1201 2221 1262 2291 in-

193 2331 331 2411 herere
354 2333 606 2411 credebantur.
634 2334 725 2430 Quae
747 2363 831 2413 cum
856 2335 1083 2412 liudbertum
1110 2336 1261 2411 fratrem

194 2479 299 2525 suum
314 2453 352 2525 in
366 2452 497 2552 Apulia
513 2452 673 2527 saeculari
689 2455 850 2552 potentia
867 2470 921 2527 sat
933 2455 1053 2554 vigere
1065 2452 1259 2543 audissent,

193 2593 338 2668 seseque
362 2569 401 2641 in
423 2568 646 2643 Nomrsnnia
667 2569 897 2670 despicabiles
920 2586 957 2644 et
979 2571 1063 2644 sine·
1079 2569 1260 2668 adjutorio

193 2686 474 2786 perspexissent,
497 2687 568 2761 iter
585 2688 624 2760 in
641 2687 778 2760 ltaliam
796 2688 974 2775 inierunt,
995 2704 1035 2766 et.
1051 2686 1181 2760 relicto
1198 2713 1261 2760 ve-

195 2803 326 2879 lamine
352 2805 549 2878 sanctitatis
575 2805 661 2878 totis
684 2803 820 2878 nisibus
844 2804 1024 2879 mundum
1050 2805 1260 2904 amplexatae

194 2938 299 3013 sunt,
322 2939 360 2997 et
381 2921 496 2996 ambre
519 2923 657 2995 maritis
677 2921 926 3023 ignorantibus
945 2920 1045 3023 quod
1063 2923 1140 2997 Deo
1161 2921 1259 2996 dedi-

195 3056 283 3114 catae
302 3054 420 3115 essent
439 3054 654 3139 nupserunt.
675 3038 768 3113 Nam
787 3041 962 3140 Rogerius
983 3039 1116 3114 Siciliae
1140 3065 1259 3113 comes

192 3154 317 3229 luditli
331 3155 369 3228 in
382 3157 591 3257 conjuginm
603 3154 739 3254 accepit
750 3155 807 3254 (a)
815 3209 825 3242 ,
838 3155 999 3254 aliusque
1011 3180 1142 3242 comes,
1159 3159 1258 3252 cujus

192 3295 328 3344 nomen
353 3296 429 3344 nou
454 3272 594 3359 recolo,
621 3271 789 3344 Emmam
811 3271 1045 3344 matrimonio
1075 3296 1140 3344 suo
1168 3294 1258 3342 oon·

188 3390 325 3488 junxit.
340 3389 399 3461 Sic
413 3387 528 3462 ambae
536 3390 712 3478 velamen,
726 3405 859 3462 sanctae
867 3388 1050 3488 religionis
1060 3388 1253 3487 specimen,

192 3530 259 3601 pro
274 3503 403 3576 mundi
421 3531 543 3579 amore
560 3505 806 3604 reliquerunt,
827 3522 863 3577 et
878 3505 959 3602 quia
977 3503 1131 3602 primam
1149 3500 1256 3575 fidem

190 3618 330 3691 irritam
343 3616 518 3710 fecerunt,
531 3618 647 3694 ambae
662 3621 699 3691 in
713 3617 782 3693 hoc
795 3616 926 3690 saeculo
939 3616 1076 3690 steriles
1088 3643 1256 3718 perman-

223 3948 263 4013 (ι)
275 3945 389 4014 ldelito,
402 3946 466 4002 ville
478 3947 632 4022 episcopale
644 3947 680 4002 de
694 3947 720 4002 la
730 3947 847 4004 Calahre
859 3947 1021 4004 ulterieure.

222 4037 261 4105 (2)
272 4037 324 4091 Les
334 4035 408 4093 deux
417 4038 531 4093 semines
541 4055 664 4094 connues
676 4039 713 4094 de
722 4039 817 4112 Roger
825 4041 858 4094 1²¹
871 4040 1057 4113 s’appelaient,
1067 4040 1141 4096 l'une
1155 4042 1254 4096 Erem-

190 4122 388 4197 berge‚l'autre
396 4127 529 4184 Adela'ide
539 4147 576 4184 ou
583 4128 719 4184 Adelasic.
729 4127 777 4184 S’il
786 4148 802 4184 a
811 4131 913 4202 epouse'
922 4147 957 4184 cn
966 4139 1048 4187 outae
1057 4140 1130 4187 cette
1141 4129 1254 4197 Juditla,

190 4211 250 4271 leur
262 4217 350 4272 anion
363 4217 457 4274 n'aura
470 4237 518 4292 pas
530 4218 610 4274 laisse
621 4218 656 4274 de
668 4229 758 4277 uaeas
769 4218 838 4277 dans
849 4220 992 4277 l'histoire.
