2910 4980
209 412 268 472 sos
484 409 667 470 ntsronu
690 406 996 470 nouissimum.
1169 404 1277 488 [1077]

256 531 417 604 Eventus
429 527 672 628 hujuscemodi
683 526 1133 605 anteNatiritotemsancti
1146 526 1276 604 Joh'an-

207 650 263 722 nis
285 648 455 747 Baptistae
478 647 652 746 contigit,
679 661 715 720 et
738 671 821 718 mox
840 645 968 720 eodem
989 662 1153 746 tempore
1171 647 1274 747 Hugo

208 766 437 839 Lexoviensis
450 765 638 864 episcopus
651 765 707 862 (1)
722 779 896 864 aegrotare
908 766 1035 864 coepit.
1049 764 1175 839 Mense
1183 757 1275 863 juiio

207 883 379 983 languore
397 882 682 981 ingravescente,
709 898 865 956 mortem
881 882 1014 981 praesul
1032 876 1274 955 inevitabilem

206 1000 274 1073 sibi
291 999 409 1074 adesse
421 1001 610 1098 persensit,
627 1025 785 1100 seseque,
803 1016 845 1071 ut
855 1000 920 1073 Dei
935 1026 1056 1073 servus
1069 999 1114 1072 nd
1127 1000 1274 1072 Domini

205 1119 259 1188 sui
279 1117 415 1188 curiam
433 1117 562 1206 iturus,
579 1115 731 1188 solerter
749 1116 1020 1215 circumspexit,
1040 1133 1078 1188 et
1097 1141 1168 1215 pro
1187 1115 1276 1188 vitti-

206 1236 348 1307 catione
366 1234 622 1306 secretionem
641 1232 865 1321 redditurus,
887 1236 924 1306 in
942 1235 1073 1307 timore
1091 1259 1225 1335 magno
1241 1252 1276 1306 sc

204 1354 434 1451 prreparavit.
456 1351 692 1425 Confessione
709 1366 744 1424 et
760 1352 974 1450 poenitentia
992 1366 1185 1452 purgatus,
1200 1376 1275 1424 ora-

205 1472 306 1544 tione
331 1485 368 1542 et
398 1470 549 1542 fletuum
578 1467 694 1542 imbre
723 1466 889 1554 ablutus,
920 1468 1083 1541 saluteris
1112 1468 1275 1569 mysterii

206 1586 466 1658 communione
477 1582 634 1658 feliciter
645 1585 855 1672 instructus,
870 1583 1018 1677 clericos
1030 1600 1065 1658 et
1080 1585 1206 1675 laicos,
1216 1586 1276 1686 qui

207 1725 328 1772 secum
362 1715 482 1786 erant,
514 1701 761 1788 commonuit,
793 1696 968 1788 absolvit,
995 1697 1198 1774 benedixit:
1223 1699 1276 1774 Ad

206 1817 378 1890 ultimum
395 1842 481 1890 vero
497 1841 575 1890 rem
592 1816 801 1916 quamdam,
818 1815 913 1890 unde
930 1818 1111 1917 praecipue
1127 1833 1277 1892 moestu‘s

205 1951 301 2024 erat,
319 1933 493 2022 recoluit,
513 1960 581 2035 pro
598 1961 668 2035 qua
685 1958 811 2008 omnes
827 1935 895 2008 sibi
912 1951 1065 2010 astantes
1082 1937 1133 2009 sic
1147 1963 1273 2012 exoro-

204 2053 259 2123 vit
273 2083 281 2124 ε
300 2054 414 2125 Viam
425 2055 600 2126 universae
612 2054 735 2125 carnis
749 2055 826 2125 scio
840 2079 896 2126 me
908 2053 962 2125 ad
967 2082 1131 2155 premens
1143 2059 1276 2157 ingres·

205 2198 329 2243 saram
339 2200 351 2257 ,·
369 2171 436 2243 seri
452 2169 563 2244 vaide
581 2171 776 2243 contristor
797 2170 898 2269 quod
913 2198 939 2242 a
962 2171 1048 2243 sede
1069 2199 1152 2244 meu
1174 2173 1275 2247 elon-

203 2306 315 2387 gatus
330 2315 427 2378 sum,
447 2314 514 2360 nec
533 2287 640 2361 video
656 2313 831 2388 sponsam
846 2315 987 2379 meam,
1006 2292 1070 2362 cui
1084 2291 1276 2365 ordinante

206 2405 287 2476 Deo
300 2401 387 2504 fere
412 2428 457 2474 xc
487 2405 593 2476 annis
622 2404 782 2500 legitime
808 2406 1024 2504 conjunctas
1050 2432 1144 2479 swn.
1173 2407 1275 2480 Unde

207 2546 305 2592 nunc
324 2547 458 2620 precor
477 2547 543 2592 eos
565 2546 703 2608 omnes,
723 2546 814 2619 quos
839 2521 925 2594 olim
954 2530 1097 2613 amavi,
1120 2528 1272 2616 nutrr'ri,

201 2637 369 2736 promovi
398 2653 432 2706 et
459 2635 633 2707 honorari
641 2692 654 2723 ,
689 2652 728 2706 ut
755 2662 810 2706 me
837 2635 921 2708 hinc
949 2639 1134 2736 ejiciatis,
1164 2638 1277 2712 etad

209 2756 438 2825 carissimam
454 2780 627 2854 sponsam
643 2779 763 2824 meam
780 2779 835 2826 me
849 2755 1052 2828 deducatis.
1068 2756 1275 2831 Ecclesiam

208 2871 330 2940 sancti
345 2874 442 2940 Petri
455 2869 633 2969 principis
655 2870 887 2970 apostoloram
892 2927 905 2960 ,
929 2897 1040 2969 quarn
1058 2872 1275 2946 venerabilis

208 2985 406 3058 Herbertus
419 2986 666 3087 praedecessor
679 3014 779 3059 meus
799 2990 853 3086 (2)
877 2993 1006 3090 coepit,
1022 2995 1182 3092 perfeci,
1201 3008 1274 3065 stu-

209 3102 313 3175 diose
335 3103 517 3177 adornavi
525 3161 538 3193 ,
568 3103 759 3204 honorifice
776 3103 966 3195 dedicari,
994 3121 1029 3178 et
1054 3107 1270 3193 cultoribus,

208 3223 492 3318 necessariisque
504 3219 628 3293 divino
645 3221 787 3293 servitio
804 3223 907 3292 vasis
914 3276 927 3309 ,
945 3220 1104 3319 aliisque
1121 3249 1274 3324 appara·

209 3335 304 3408 tibus
322 3339 466 3437 copiose
489 3336 617 3411 ditari.
644 3337 756 3409 Hanc
780 3336 916 3409 coelesti
937 3338 1097 3411 Domino
1122 3341 1274 3443 supplex

209 3450 444 3539 commerceio,
474 3454 568 3523 etin
590 3454 670 3552 ejus
696 3456 838 3551 gremio
861 3455 1063 3526 recumbere
1090 3455 1271 3544 desidero,

208 3567 333 3666 ibique
346 3569 548 3642 secundum
561 3570 764 3643 Salvatoris
777 3571 1140 3672 adcantumfideliter
1149 3599 1273 3675 expee

235 3903 276 3973 (1)
295 3904 416 3982 Hugues
429 3904 516 3975 d'iiu,
534 3907 575 3962 fils
589 3907 623 3961 de
636 3905 812 3973 Guillaume,
827 3915 918 3960 comte
931 3904 1015 3974 d’Eu,
1029 3907 1106 3964 etde
1123 3898 1268 3972 hecelino,

191 3985 363 4054 fundatrice
372 3997 408 4053 de
423 3996 617 4052 Notre-Dame
630 3996 664 4052 de
674 3994 1006 4052 saint-Pierre-sur-Dtve
1018 4009 1046 4053 ct
1058 3999 1093 4055 de
1105 3999 1269 4058 saint-Desit

230 4076 382 4156 etiami,
398 4087 507 4161 eisque
520 4085 555 4143 de
567 4097 639 4143 cette
651 4086 713 4141 ville
726 4083 855 4156 (1050-17
862 4085 954 4155 juillet
971 4089 1055 4164 1077).

242 4164 273 4237 1)
292 4170 439 4244 Herbert,
455 4171 924 4250 evequedettsteux(1022-1o50).
