2910 4980
189 451 283 526 [ctum
297 447 454 508 tot-crim
467 447 540 525 720]
562 445 678 508 LIBER
700 446 894 521 QUARTUS.
1199 449 1260 507 203

188 548 462 639 rincid'detulit
487 566 522 639 in
549 564 843 641 Aurelianensem
867 591 997 666 pagum
1017 565 1089 664 (t).
1108 566 1186 639 Hoc
1208 567 1264 638 ni-

189 685 327 759 mirum
345 684 500 783 contigit
516 699 598 782 post
615 682 933 783 depopulationem
952 682 1169 756 cassinensis
1185 708 1264 757 mo·

191 802 357 890 osmerii,
373 828 483 902 quam
501 800 625 875 beatus
640 816 743 900 pater
759 798 973 874 Benedictus
991 827 1075 873 cum
1093 799 1263 901 lacrymis

183 919 409 1020 praedixerat
431 918 628 1018 Teoprobo
650 917 831 992 monacho
855 915 970 992 nobili
993 945 1097 993 servo
1114 919 1200 1006 Dei;
1223 934 1266 989 ut

192 1037 232 1109 iu
259 1036 418 1111 secundo
444 1036 671 1136 dialogorum
700 1034 798 1109 libro
830 1037 997 1136 legimus,
1024 1062 1134 1136 quem
1157 1036 1264 1109 Petro

191 1150 414 1228 subdiacono
427 1152 540 1228 edidit
555 1153 757 1228 luculenter
769 1154 918 1254 insignis
930 1153 1060 1229 doctor
1070 1181 1158 1254 papa
1173 1154 1265 1227 Gre-

191 1270 351 1371 gorius(
376 1271 406 1368 ).

243 1385 425 1460 Defuncto
450 1387 611 1486 Clepone
636 1413 737 1487 rege,
759 1403 953 1490 antequam
977 1385 1146 1461 Autarith
1170 1386 1264 1459 lilius

193 1509 270 1605 ejus
287 1504 331 1578 ad
354 1505 605 1603 imperandum
621 1522 711 1579 esset
725 1505 894 1596 idoneus,
915 1523 951 1580 et
966 1522 1040 1579 tota
1056 1533 1142 1606 gens
1167 1508 1264 1578 ban-

192 1620 437 1724 gobardor't'tm
454 1624 531 1695 sine
547 1647 630 1721 rege
647 1622 833 1725 subjugata
852 1641 942 1698 esset
960 1650 1075 1698 xxxiv
1089 1622 1261 1710 ducibus,

193 1739 382 1840 priedones
397 1738 633 1812 Guinilorum
651 1739 838 1814 furibundi
853 1758 965 1816 noctu
979 1743 1154 1840 impetum
1169 1740 1265 1813 l'ece-

193 1873 302 1949 runt,
333 1873 370 1929 et
401 1858 607 1931 Cassinense
634 1859 894 1932 monasterium
920 1856 1127 1959 depopulati
1155 1873 1264 1943 sunt;

194 1970 255 2046 sed
277 1996 406 2046 omnes
431 1970 597 2045 monachi
620 1987 833 2074 protegente
857 1973 933 2047 Deo
960 1972 1159 2045 incolumes
1184 1997 1266 2042 curn

194 2089 329 2164 Bonito
359 2087 487 2162 abbate
513 2094 805 2165 suo'evasernut.
831 2086 968 2164 Deinde
994 2116 1014 2162 c
1042 2107 1079 2163 et
1107 2115 1131 2161 x
1162 2088 1278 2160 arinis‘

194 2206 318 2289 eadem
342 2205 516 2280 desolatio
543 2205 675 2280 ibidem
702 2208 918 2308 permansit;
943 2205 1060 2281 donec
1086 2207 1267 2280 Petronax

194 2322 377 2397 brixensis
390 2324 576 2423 episcopus
588 2325 775 2397 Cassinum
789 2325 955 2399 Montem
967 2323 1068 2414 adiitj
1083 2340 1120 2397 et
1134 2321 1267 2394 ibidem

193 2438 391 2513 auxiliante
417 2438 585 2513 Zacbaria
615 2468 703 2541 papa
736 2439 859 2515 nobile
887 2437 1101 2515 coenobium
1132 2453 1269 2512 restau-

195 2559 312 2644 ravit3
332 2556 431 2656 quod
450 2583 561 2658 usque
587 2559 624 2630 in
649 2557 867 2632 hodiernum
883 2558 979 2633 diem
994 2555 1184 2658 magnifice
1207 2582 1271 2627 su-

194 2669 387 2746 blimatum
418 2672 583 2772 quotidie
606 2675 734 2747 erescit
759 2675 825 2772 (ὃ).
855 2674 951 2745 llum
974 2670 1124 2774 praefata
1149 2673 1270 2770 itaque

194 2788 368 2863 desolatio
399 2788 636 2887 perduraret,
672 2807 708 2864 ct
736 2790 901 2864 Cassiuus
931 2793 1036 2865 Mons
1067 2785 1270 2864 cultoribus

189 2921 346 2992 careret,
359 2905 592 2980 Floriacensis
606 2906 735 2982 domus
748 2908 893 2982 volente
906 2908 983 2982 Deo
998 2907 1109 2981 ditata
1123 2922 1175 2980 est
1188 2931 1270 3006 pre-

198 3022 290 3096 tioso
307 3024 655 3123 corporepraecipui
674 3026 785 3125 patris
800 3024 1004 3113 Benedicti;
1030 3027 1130 3124 cujus
1149 3038 1270 3094 trans-

191 3139 369 3215 lationem
382 3140 551 3242 Cisalpini
570 3141 767 3217 eoenobitae
781 3143 932 3244 singulis
943 3145 1047 3215 annis
1059 3141 1269 3214 solemniter

229 3416 268 3488 (ι)
287 3415 383 3489 Voyez
398 3415 423 3471 le
436 3417 506 3471 tecit
519 3415 555 3472 de
568 3422 640 3471 cette
654 3416 819 3472 translation
830 3416 899 3471 dans
912 3416 951 3470 les
965 3415 1040 3471 Aeta
1051 3414 1104 3469 SS.
1116 3411 1224 3468 ordinis
1239 3411 1267 3465 S.

204 3501 356 3571 Benedicti,
371 3514 392 3559 t.
408 3514 435 3559 n.
449 3504 497 3561 On
509 3502 535 3559 l'a
546 3516 678 3578 rapporte
692 3509 707 3561 a
719 3500 826 3562 l’annee
836 3502 899 3560 653.

232 3596 272 3664 (a)
292 3595 361 3650 Vua
376 3596 406 3650 S.
422 3595 570 3650 Benedicti
581 3596 687 3662 abbat,
703 3614 765 3668 cap.
779 3613 844 3649 rvn.

233 3681 272 3757 (ὃ)
288 3684 377 3741 Notre
390 3695 491 3741 auteur
503 3687 580 3759 place
593 3685 619 3740 la
633 3685 804 3739 devastation
818 3684 857 3738 dn
871 3693 950 3738 mont
958 3681 1056 3738 Cassia
1069 3689 1147 3735 entre
1158 3677 1183 3732 la
1195 3687 1270 3731 mort

207 3768 318 3844 helel,
333 3775 480 3831 deuxieme
491 3777 533 3831 roi
547 3775 595 3831 des
611 3775 761 3830 Lornbards
771 3773 798 3845 (5
807 3775 915 3846 janvier
927 3770 1005 3847 575),
1018 3782 1046 3826 et
1056 3768 1081 3825 la
1093 3769 1221 3840 majorite
1235 3767 1271 3822 de

205 3861 304 3933 &filu
313 3863 449 3919 Autbaris
458 3866 468 3935 (
474 3862 553 3936 584).
569 3865 622 3920 Cet
635 3867 798 3919 evenement
810 3863 899 3936 parait
911 3879 946 3916 eu
959 3859 1024 3915 effet
1036 3859 1095 3914 etse
1107 3857 1196 3910 arrive
1208 3874 1269 3909 vers

166 4022 173 4039 .
205 3938 326 4007 hm
335 3951 579 4009 l'admiuistration
589 3953 624 4008 de
634 3955 759 4021 bonitus,
771 3953 929 4027 cinquieme
939 3951 1010 4006 abbe
1019 3948 1058 4002 du
1072 3957 1150 4001 mont
1159 3946 1266 3999 Cassio.

292 4056 370 4097 :ven
385 4058 438 4116 7²⁰
449 4060 504 4116 que
522 4042 595 4096 saint
608 4043 745 4097 Petrouar
763 4041 821 4116 (qni
836 4041 879 4096 n’a
893 4039 993 4110 jamnis
1006 4039 1050 4092 ete'
1068 4035 1184 4107 deeque,
1200 4032 1268 4085 mais

332 4138 412 4186 nont
422 4129 530 4202 cassim
543 4135 725 4204 commoneat
738 4131 843 4186 relever
854 4129 893 4183 les
907 4129 1001 4182 ruinrs
1013 4125 1049 4179 de
1058 4142 1089 4178 ce
1099 4121 1265 4177 monastero.

364 4216 448 4285 bled
459 4221 531 4288 mai,
546 4238 606 4275 rers
618 4218 680 4296 75⁰·
