2910 4980
555 393 671 456 LIBER
693 394 876 470 QUINTUS.
1199 399 1259 460 327

192 512 282 589 curlo
299 513 380 588 lidei
399 514 502 587 novis
521 512 745 587 auditoribus
762 513 918 587 multum
937 515 1111 614 placeret,
1132 517 1258 593 dolens

191 629 355 707 diabolus
377 630 577 704 Eufrasiam
605 632 706 705 Lucii
733 631 845 706 filiam
871 658 997 705 vexare
1018 632 1133 731 coepit
1162 649 1198 707 et
1220 636 1257 706 in

193 749 315 850 ignem
329 747 470 848 dejecit.
490 746 580 841 Quae
597 748 718 820 statim
731 762 874 821 mortua
892 763 963 834 est3
983 748 1043 821 aed
1055 748 1163 848 paulo
1178 766 1260 849 post

192 880 321 938 orante
338 864 502 936 Taurino
523 888 563 935 ac
582 859 734 961 jubente
755 877 797 934 ut
813 879 1035 962 resurgeret,
1056 864 1093 936 in
1111 865 1260 940 nomine

191 981 340 1055 Domini
351 980 557 1063 resuscitata
571 992 637 1052 est.
650 978 798 1052 Nullum
812 979 849 1051 in
861 1006 899 1052 ea
909 981 1053 1080 signum
1063 980 1261 1055 adustionis

191 1098 371 1196 apparuit.
386 1096 518 1172 Omnes
532 1096 643 1196 igitur
656 1094 726 1169 hoc
739 1096 953 1168 miraculum
966 1096 1126 1170 videntes
1138 1096 1261 1172 subito

193 1216 312 1291 territi
326 1229 424 1304 sunt,
441 1230 478 1290 et
490 1214 794 1313 obstupescentes,
807 1216 844 1287 in
854 1216 975 1288 Jesum
987 1213 1169 1289 Christum
1183 1243 1260 1292 cre-

192 1332 377 1407 diderunt.
397 1335 439 1407 ln
454 1333 512 1405 illa
526 1332 584 1406 die
598 1358 673 1406 cxx
689 1332 853 1407 homines
869 1332 1039 1431 baptizati
1054 1350 1156 1422 sunt,
1175 1352 1260 1411 octo

191 1449 278 1521 caeci
297 1448 489 1521 illuminati
508 1464 544 1522 et
559 1466 717 1549 quatuor
732 1450 824 1521 muti
840 1450 971 1538 sanati,
990 1449 1121 1550 aliique
1140 1451 1260 1550 plures

190 1564 717 1640 exdiversisinfirmitatibusin
727 1565 877 1639 nomine
885 1566 1031 1640 Domini
1041 1561 1260 1640 suntcurati.

241 1683 379 1759 Deinde
396 1684 577 1761 Taurinus
591 1681 719 1756 fanum
735 1681 859 1755 Dianae
878 1682 1045 1771 intravit,
1066 1681 1261 1756 Zabulum·

191 1824 264 1900 que
280 1825 404 1874 coram
420 1800 556 1899 populo
569 1798 747 1873 visibilem
764 1816 877 1873 astare
895 1800 933 1870 in
948 1800 1084 1873 virtute
1100 1801 1164 1873 Dei
1180 1828 1260 1876 coe·

190 1918 263 2018 git3
284 1942 359 2020 quo
374 1917 451 1992 viso
468 1915 622 1990 Ethnica
639 1914 741 2015 plebs
758 1916 859 1990 valde
876 1917 1010 1988 timuit.
1030 1915 1122 1989 Nam
1143 1921 1262 1991 mani-

191 2036 281 2112 feste
303 2036 470 2136 apparuit
496 2037 546 2109 eis
563 2034 730 2133 AEthiops
755 2035 858 2135 niger
882 2052 924 2107 ut
946 2034 1086 2134 fuligo,
1111 2034 1261 2110 barbam

192 2152 327 2228 babens
343 2153 543 2253 prolixam,
565 2169 603 2226 et
620 2152 792 2225 scintillas
808 2152 927 2253 igneas
948 2178 992 2224 ex
1008 2179 1073 2226 ore
1097 2154 1259 2227 mittens.

190 2269 329 2345 Deinde
354 2269 500 2370 angelus
529 2270 676 2344 Domini
706 2266 912 2368 splendidus
939 2284 980 2340 ut
1010 2268 1063 2342 sol
1088 2269 1257 2359 advenit,

191 2387 403 2489 cunctisque
420 2384 673 2473 cernentibus,
697 2385 813 2485 ligatis
828 2413 847 2457 a
869 2385 978 2459 dorso
994 2385 1160 2459 manibus
1181 2387 1261 2462 dae-

191 2529 338 2578 monem
356 2501 518 2576 abduxit.
538 2503 580 2575 ln
601 2501 660 2573 illa
677 2503 787 2601 igitur
806 2501 864 2575 die
879 2501 953 2574 duo
969 2501 1081 2574 millia
1097 2503 1263 2577 virorum

191 2619 362 2719 baptizati
391 2634 496 2705 suut,
524 2634 560 2693 et
586 2643 711 2693 omnes
740 2617 876 2690 infirmi
905 2644 974 2717 ope
1000 2618 1120 2693 divina
1147 2623 1261 2695 curati

190 2753 292 2811 sunt.
314 2737 400 2810 Haeo
418 2735 597 2810 Deodatus
613 2734 787 2808 Eulrasiae
804 2733 914 2809 frater
929 2733 1021 2807 vidit
1035 2750 1071 2809 et
1088 2736 1259 2826 credidit,

190 2868 230 2928 et
237 2850 448 2951 baptisatus,
456 2850 850 2952 presbyterquefactus,
858 2850 936 2924 haec
945 2852 1262 2954 veraciterscripto

192 2968 332 3042 retulit.
347 2970 452 3041 Tunc
465 2969 645 3041 Taurinus
659 2966 801 3040 foedum
814 2967 938 3041 Dianae
952 2966 1078 3040 farrum
1092 2969 1259 3060 intravit,

192 3085 401 3175 exorcismis
424 3099 461 3157 et
484 3082 710 3156 orationibus
735 3082 968 3171 emundavit,
992 3084 1141 3184 Deoque
1166 3101 1262 3160 tem-

191 3201 296 3302 plum
309 3202 348 3275 in
360 3201 500 3276 honore
514 3217 646 3274 sanctae
657 3200 722 3274 Dei
735 3201 920 3301 genitricis
931 3201 1056 3274 Mariae
1069 3202 1258 3278 dedicavit.

193 3316 331 3393 Deinde
348 3319 458 3418 coepit
479 3319 761 3418 circumquaque
785 3316 877 3393 idola
895 3317 1078 3392 destruere
1101 3337 1138 3394 et
1152 3322 1262 3396 eccle·

192 3433 261 3507 sias
277 3432 421 3510 Christo
438 3460 665 3523 consecrare,
685 3459 834 3507 omnem
849 3434 1034 3507 dioecesim
1051 3436 1259 3529 circumire,

193 3553 367 3627 canonice
380 3552 567 3640 ordinare,
589 3550 869 3650 hospitalitatem
883 3552 921 3624 in
937 3550 1107 3625 omnibus
1125 3557 1263 3628 consti-

194 3682 311 3746 tuere.
740 3748 741 3752 ,

244 3768 390 3859 liavidus
403 3787 509 3861 Satan
526 3803 582 3863 tot
595 3787 692 3863 bona
705 3787 830 3862 videns
845 3787 982 3878 doluit,
996 3790 1173 3892 variisque
1188 3818 1263 3864 ma-

194 3901 464 3979 chinationibus
481 3907 602 3979 virum
618 3906 682 3980 Dei
702 3905 831 3979 laedere
847 3907 995 4008 sategit,
1014 3922 1051 3980 et
1069 3908 1204 3982 multos
1223 3910 1263 3983 in

195 4020 299 4094 illum
323 4022 540 4099 adversarios
565 4025 745 4100 excitavit.
769 4025 851 4100 Duo
870 4026 963 4125 magi
986 4057 994 4099 :
1014 4024 1209 4103 Cambisses
1226 4046 1263 4104 et

196 4138 303 4214 Zaraa
320 4141 517 4217 sacerdotes
537 4143 660 4215 Dianae
678 4141 844 4231 luerunt,
864 4144 1009 4243 visaque
1027 4147 1263 4222 conversione
