2910 4980
190 420 299 501 [roae]
556 412 872 479 eremmanos.
1196 415 1255 478 14⁵

191 541 325 615 tholiea
332 537 485 612 Ecclesia
497 536 621 611 festive
631 537 768 637 peragit
779 538 856 634 (t),
870 550 907 608 et
920 535 1063 610 nemine
1070 537 1255 611 resistente

192 657 296 731 littus
308 656 416 730 maris
430 653 585 756 gaudens
598 654 765 753 arripuit.
785 651 921 726 Deinde
932 653 1197 727 Penevesellum
1221 673 1257 728 et

193 773 381 872 llastingas
396 771 452 869 (a)
462 772 666 870 occupavit,
685 769 876 868 electisque
890 767 1067 841 militibus
1076 796 1260 845 commen-

195 888 295 963 davit
302 916 313 977 3
339 912 421 987 quae
443 883 511 959 sibi
533 884 657 960 forent
676 885 922 984 receptaculo,
942 899 978 958 et
1003 884 1153 959 navibus
1170 913 1261 984 pro-

194 1005 413 1108 pugnaculo.

244 1121 418 1222 Anglieus
430 1137 551 1195 autem
564 1136 739 1220 tyrannus
752 1119 865 1194 elluso
878 1117 1001 1190 fratris
1012 1136 1047 1192 et
1058 1118 1170 1192 bostis
1184 1147 1262 1192 san·

197 1241 307 1341 guine
337 1238 441 1311 laetus
471 1238 662 1324 intumuit,
695 1252 731 1310 et
758 1253 900 1336 peracta
933 1237 1123 1334 multiplici
1150 1254 1266 1338 strage

198 1356 318 1430 vietor
331 1353 560 1427 bundoniam
574 1353 694 1428 rediit.
714 1352 848 1457 ilerum
867 1351 1040 1426 Heraldus
1058 1356 1161 1454 (quia
1180 1382 1268 1455 pro-

200 1473 350 1573 speritas
363 1470 489 1544 mundi
504 1469 678 1544 utfumus
690 1485 937 1545 anteventum
955 1471 1028 1543 cito
1040 1470 1184 1569 delicit)
1197 1474 1269 1546 im-

201 1591 362 1665 minente
377 1589 551 1690 gravioris
565 1588 808 1663 tribulationis
825 1587 985 1687 pondere
1000 1591 1163 1662 laetitiam
1180 1591 1269 1665 sera·

202 1708 243 1781 lis
254 1705 411 1807 trophaei
426 1707 500 1781 cito
509 1704 685 1806 perdidit,
701 1732 768 1779 nec
777 1704 821 1779 de
831 1704 1032 1779 fratricidio
1045 1704 1270 1806 diugaudere

203 1823 258 1898 rel
279 1847 425 1896 securus
452 1847 524 1895 esse
547 1822 694 1919 potuit,
716 1821 800 1920 quia
830 1820 964 1921 legatus
987 1822 1018 1895 ei
1041 1821 1271 1898 Nornmunos

204 1934 320 2011 adesse
332 1961 418 2013 mox
430 1936 612 2009 nuntiavit
626 1935 696 2034 (3).
712 1937 790 2034 lpse
803 1961 910 2026 vero,
924 1951 966 2007 ut
982 1936 1213 2013 Normannos
1228 1941 1271 2014 in

206 2054 373 2156 Angliam
387 2056 563 2154 ingressos
577 2080 650 2127 esse
659 2053 820 2141 audivit,
837 2059 970 2127 iterum
993 2081 1029 2127 se
1058 2053 1102 2126 ad
1118 2083 1272 2155 agonem

207 2171 433 2274 preparavit.
452 2174 540 2244 Erat
556 2172 654 2244 enim
671 2170 829 2243 multum
845 2170 957 2242 audax
975 2185 1012 2244 et
1026 2172 1181 2270 probus,
1196 2201 1274 2249 cor-

207 2314 295 2389 pore
327 2289 431 2363 fortis
459 2305 495 2361 et
521 2285 806 2388 pulcherrimus,
834 2288 1040 2387 eloquentia
1068 2290 1207 2389 lepidus
1236 2309 1273 2367 et

207 2407 358 2483 affabilis
374 2406 588 2483 fautoribus.
608 2412 722 2479 Porro
745 2421 935 2479 matresua
955 2405 1062 2479 Githa
1073 2409 1170 2508 (quae
1183 2410 1274 2484 inte-

208 2527 282 2605 ritu
292 2525 428 2599 'lostiei
444 2523 507 2596 lilii
523 2525 576 2597 sui
589 2522 690 2607 valde
703 2521 976 2622 eratlugubris),
992 2524 1140 2624 aliisque
1154 2525 1274 2601 fideli-

209 2638 274 2713 bus
290 2639 414 2713 amicis
438 2637 575 2713 bellum
599 2639 630 2711 ei
647 2636 951 2724 dissuadentibus,
970 2637 1061 2710 dixit
1077 2640 1109 2712 ei
1135 2642 1273 2716 Wortla

210 2781 327 2830 tomes
354 2754 466 2828 frater
490 2780 573 2826 suus
591 2784 599 2824 :
622 2754 792 2855 Oportet,
812 2755 995 2826 carr'ssime
1000 2751 1127 2851 frater
1148 2773 1184 2828 et
1201 2758 1274 2839 do-

210 2877 320 2962 rru‘ne,
340 2887 383 2944 ut
394 2871 553 2972 probitas
567 2888 633 2944 tua
649 2887 864 2971 temperetur
875 2871 1096 2946 discretionis
1109 2875 1274 2950 modera-

211 2992 318 3063 mine.
334 2989 447 3063 Nune
457 3015 505 3061 eu
517 2989 643 3087 proelio
653 2987 1120 3086 Northtuigennrumfessus
1132 2998 1272 3081 uenisti,

211 3112 407 3206 iterumque
416 3103 578 3205 festinas
599 3122 729 3179 contra
741 3103 972 3177 Norrrraruros
985 3131 1083 3179 nune
1094 3111 1269 3205 praeliari.

244 3392 284 3463 (ι)
301 3391 339 3446 Le
349 3407 384 3463 ²9
397 3389 565 3462 septembre,
576 3389 643 3461 jour
653 3389 689 3444 de
701 3388 902 3445 saint-Michel.
914 3388 1028 3445 Suivant
1041 3391 1100 3445 Gui
1115 3393 1272 3463 d’Amiens,

214 3480 324 3537 lallotte
333 3480 405 3534 avait
417 3481 460 3534 ete
469 3489 583 3534 retenue
595 3479 718 3553 pendant
727 3481 791 3553 cinq
801 3479 880 3551 joura
891 3478 959 3533 dans
967 3479 994 3534 le
1005 3491 1069 3554 port
1079 3481 1115 3536 de
1126 3482 1274 3545 saint-Va-

214 3569 262 3626 tui
272 3567 376 3644 parles
390 3576 467 3623 venta
478 3569 644 3638 contraires,
659 3579 687 3624 et
700 3587 750 3641 par
761 3571 931 3642 oonsequent
943 3568 994 3622 elle
1006 3569 1118 3641 yserait
1131 3574 1236 3631 arrivee
1249 3576 1275 3632 le

215 3654 249 3714 23
258 3656 298 3714 du
312 3657 404 3713 meme
417 3657 496 3713 mois.

247 3749 289 3820 (a)
304 3749 442 3820 Peveusey
453 3757 481 3802 et
493 3747 633 3821 Hastings.

249 3832 288 3909 (3)
306 3835 392 3893 Ceae
402 3845 455 3909 put
465 3836 539 3904 etre,
551 3853 659 3912 comme
668 3852 704 3888 on
713 3833 748 3888 l'a
758 3833 816 3903 dit,
830 3833 855 3888 le
861 3834 928 3906 jour
938 3834 1028 3889 meme
1040 3835 1076 3889 de
1088 3835 1113 3891 la
1125 3836 1234 3894 bataille
1243 3840 1278 3896 de

216 3924 473 4000 suntsed-Bridge
488 3943 543 4000 que
556 3923 662 3981 Harold
673 3925 765 3999 apprit
776 3924 802 3979 le
815 3923 1034 3998 de'barquement
1046 3926 1094 3981 des
1107 3927 1277 3999 Normands‚

216 4013 347 4089 pnitqu'il
363 4015 441 4070 n’eut
451 4013 506 4070 lieu
524 4033 579 4089 que
595 4015 659 4088 cinq
667 4014 746 4085 jones
760 4013 824 4086 plus
837 4013 908 4067 tard.
923 4013 1038 4069 Suivant
1049 4015 1107 4070 Gni
1120 4015 1277 4085 d’Amiens‚

217 4112 287 4161 eette
301 4103 429 4160 nouvelle
442 4103 483 4158 lui
498 4103 542 4159 lut
558 4107 654 4178 porte'e
671 4124 721 4178 par
733 4122 772 4158 un
784 4105 890 4159 temoin
904 4104 1024 4160 oculaire
1041 4104 1076 4161 de
1088 4104 1277 4164 l'evenemeut.

218 4192 294 4251 llont
305 4212 427 4271 pentem
439 4214 502 4252 aree
515 4207 596 4251 notre
608 4206 708 4252 auteur
720 4196 787 4269 qu’il
800 4196 827 4250 la
841 4207 918 4269 reqnt
931 4199 947 4251 a
961 4196 1090 4252 Londres.

290 4310 332 4358 ll.
1096 4311 1138 4359 10
