2910 4980
537 522 709 617 LIBER
745 533 1019 623 TERTIUS.

720 743 846 756 ψ

300 876 330 946 Ι.
357 873 451 946 Orus
475 873 511 944 in
536 873 663 970 primis
686 873 855 970 arripiam
877 874 921 946 de
946 877 1045 949 riom
1072 878 1216 952 Domini
1246 880 1309 954 Sa-

251 987 381 1075 baotlr,
406 1015 515 1087 quam
541 989 615 1087 ipse
637 987 723 1060 lorti
747 989 891 1061 dextera
917 991 1004 1063 colit
1026 1008 1062 1065 et
1087 997 1246 1095 protegit
1271 999 1309 1068 in

252 1122 332 1179 toto
350 1107 487 1178 mundo
505 1120 631 1177 contra
647 1103 789 1176 insidias
801 1104 1000 1180 Behemoth
1017 1109 1086 1205 (ι).
1101 1110 1187 1184 flaec
1198 1112 1308 1184 nimi·

249 1246 333 1293 rum
351 1221 388 1292 in
409 1221 574 1319 regione,
603 1245 687 1318 quae
708 1220 798 1293 olim
820 1221 983 1293 Neustria
1007 1226 1083 1318 (ι),
1106 1252 1205 1298 nunc
1224 1253 1310 1301 reio

249 1354 400 1414 vocatur
411 1339 652 1424 Normanuia,
667 1336 914 1411 laborantibus
924 1340 1061 1413 colonis
1072 1344 1222 1442 sparsim
1233 1372 1310 1418 suas

249 1455 464 1557 propagines
480 1454 618 1540 emisit,
639 1469 675 1526 et
692 1453 928 1552 multiplicem
944 1455 1105 1529 fructum
1122 1458 1310 1532 hominum

252 1572 290 1643 in
301 1572 490 1665 sanctitate
500 1570 789 1668 permanentium
803 1570 879 1641 Deo
890 1568 1038 1644 obtulit.
1053 1573 1168 1646 Multa
1181 1576 1310 1647 enimi

248 1685 357 1762 bonis
368 1684 568 1758 cultoribus
579 1686 745 1758 coenobia
758 1684 889 1759 ibidem
906 1703 1109 1760 constructa
1127 1707 1229 1777 sunt,
1245 1690 1311 1763 ubi

249 1804 340 1875 rami
354 1802 568 1903 ipsiusritis,
580 1801 694 1887 idest,
707 1799 796 1874 boni
807 1802 999 1876 Christiani
1009 1808 1217 1906 semetipsos
1227 1833 1312 1880 con·

250 1919 491 2010 tradiderunt,
505 1935 545 1991 ut
558 1920 671 1991 totius
682 1936 809 1992 contra
824 1921 966 1992 insidias
977 1922 1217 2021 spiritualium
1230 1925 1311 1996 lios·

253 2036 343 2107 tium
355 2034 427 2107 fine
436 2051 541 2108 tenus
550 2033 787 2107 decertarent.
798 2034 889 2108 Nam
899 2037 1021 2109 heatus
1029 2039 1160 2136 praesul
1170 2039 1310 2113 Andoc-

251 2180 336 2244 nus,
351 2155 414 2253 qui
427 2154 538 2225 multa
556 2151 736 2250 probitate
752 2171 825 2224 tam
842 2154 999 2226 saeculari
1014 2182 1121 2254 quam
1137 2157 1310 2254 spirituali

251 2287 414 2370 tempore
438 2268 629 2370 Dagoberti
653 2272 744 2368 regis
765 2272 987 2343 Francorum
1009 2288 1046 2342 et
1067 2271 1221 2345 lodovei
1245 2272 1309 2345 lilii

251 2391 327 2484 ejus
348 2388 494 2470 lloruit,
521 2412 636 2456 unum
653 2383 864 2456 coenobium
886 2386 1212 2458 sanctimonialium
1233 2390 1311 2460 Fis-

251 2502 356 2574 mnni
374 2499 555 2583 condidit,
573 2515 611 2569 et
626 2497 722 2569 aliud
738 2499 996 2573 monachorum
1015 2503 1201 2603 Rotomagi
1216 2532 1227 2589 ς
1247 2503 1310 2577 ubi

253 2614 889 2715 ipseannodomiuicaeincarnationis
901 2627 1101 2688 ocurrunt³
1117 2618 1311 2690 tumulatus

252 2731 446 2830 requierit,
467 2727 588 2828 ibique
599 2756 664 2827 per
676 2756 790 2802 annos
802 2755 894 2801 ccxv
908 2756 1095 2832 usquequo
1108 2733 1310 2806 Normanui

286 3025 326 3093 (r)
337 3022 419 3077 Gette
430 3021 593 3094 metaphora:
604 3020 640 3075 de
656 3021 682 3074 la
694 3023 776 3094 vigne
788 3021 827 3075 du
840 3022 987 3095 seigneur,
1000 3025 1024 3078 si
1034 3025 1180 3099 frequente
1191 3025 1259 3081 (lans
1272 3028 1310 3081 lus

252 3113 335 3167 lines
348 3114 438 3166 noes
451 3121 481 3164 et
493 3110 532 3164 les
544 3111 629 3164 c'crits
639 3110 688 3164 des
702 3112 781 3182 peres
793 3111 829 3165 de
841 3100 951 3185 l'Eglise
962 3133 978 3166 a
991 3112 1055 3185 <teja
1064 3118 1109 3169 ete'
1120 3116 1264 3188 emplosce
1275 3137 1311 3171 ao

250 3202 341 3257 debut
354 3199 393 3253 du
407 3199 475 3253 livre
488 3201 618 3271 premier.

287 3294 328 3365 (a)
335 3290 412 3346 Nous
420 3305 504 3343 avons
515 3299 632 3342 sourcot
642 3288 989 3360 protestecootoel'croeor
996 3291 1232 3361 gnseatucbcci
1239 3303 1312 3346 cette

251 3379 407 3457 pretendue
416 3378 577 3451 synonymie
589 3377 625 3431 de
638 3375 664 3430 la
677 3377 807 3430 Ncustric
815 3376 892 3430 etde
912 3376 937 3430 la
952 3377 1132 3433 Nomandie.
1146 3379 1194 3435 On
1207 3383 1257 3434 ait
1275 3401 1310 3434 en

252 3471 317 3527 cffet
325 3490 382 3545 quc
394 3469 420 3524 la
434 3468 562 3523 Neustrie
578 3467 756 3525 renlcrmait.
770 3477 854 3521 outre
865 3478 946 3522 notre
960 3470 1109 3541 pmrinoe,
1125 3481 1185 3524 tout
1200 3471 1226 3525 le
1238 3483 1310 3526 reste

254 3562 296 3617 du
306 3562 449 3617 territoim
459 3560 581 3632 compris
588 3570 668 3613 entre
674 3557 699 3611 la
708 3560 812 3622 llcuse,
819 3558 980 3621 l'Fsoeot,la
991 3561 1051 3614 ller
1060 3570 1089 3615 et
1102 3560 1127 3614 la
1141 3563 1231 3615 loire.
1245 3561 1311 3616 Plus

254 3650 334 3717 tard,
357 3650 377 3704 it
392 3661 433 3703 est
451 3650 524 3713 mi,
544 3666 576 3700 ce
594 3666 659 3702 nom
673 3666 707 3702 ne
720 3646 871 3721 s'appliqua
886 3647 948 3720 plus
960 3650 1061 3722 qu'aux
1073 3656 1200 3705 centices
1209 3654 1310 3705 situees

252 3748 333 3793 cutm
344 3738 370 3793 la
383 3738 465 3793 Scine
476 3736 538 3790 etla
550 3738 641 3791 Loire.
649 3738 723 3791 C'est
732 3741 748 3790 a
756 3737 836 3791 dater
845 3736 881 3792 de
889 3747 962 3791 cette
973 3742 1082 3812 epoqoe
1088 3742 1212 3813 ques'est
1221 3740 1308 3795 iutro

253 3826 317 3882 duit
328 3826 431 3897 l'unge
442 3826 640 3897 sicieuxqu'on
649 3844 685 3878 eo
695 3845 710 3878 a
719 3825 769 3879 tait
779 3845 850 3898 pom
857 3825 986 3898 designer
996 3827 1209 3883 exclusirerneot
1222 3830 1310 3884 tantbt

253 3918 281 3973 la
291 3917 429 3991 bretagne
439 3927 468 3971 et
481 3915 571 3969 taotbt
584 3914 608 3968 la
622 3915 801 3970 Norrnaodie.
813 3918 893 3972 cun
907 3916 1034 3972 demitte
1043 3920 1209 3992 applioetion
1217 3939 1234 3974 a
1247 3938 1311 3974 con·

253 4010 333 4063 tinne
342 4006 431 4061 d’etre
441 4005 584 4077 etnployee
599 4005 706 4076 jnsqn'ir
722 4025 771 4059 nos
783 4007 876 4073 jour«,
891 4006 1057 4079 quoiqu'elle
1070 4028 1106 4063 ne
1118 4010 1170 4061 soit
1185 4027 1232 4081 pus
1248 4009 1311 4082 plin

253 4096 353 4151 fundet·
364 4114 420 4169 qne
432 4094 538 4147 l'aotre.
