2910 4980
135 461 343 539 [roselon]
507 459 624 522 uranu
644 459 823 522 rannus.
1160 467 1203 526 aa

135 607 241 653 mum
266 579 446 679 cujusdam
475 579 662 680 burgensis
688 583 839 655 nomine
859 583 1004 681 Rogerii
1029 585 1201 657 Suisnarii

136 697 326 786 transiret,
341 695 424 770 inde
436 696 627 797 qnamdam
640 695 855 770 infantulam
868 697 1059 771 lactentem
1073 702 1201 772 assumi

134 804 329 911 prteoepit,
342 812 470 913 orique
484 815 558 912 ejus
571 812 766 886 mamillam
780 839 898 901 suam,
915 814 951 885 in
966 840 1035 914 qun
1048 816 1202 888 maxima

135 956 218 1028 pars
233 928 454 1017 infirmitatis
471 930 617 1004 collecta
631 947 728 1023 erat,
743 930 787 1002 ad
803 931 1027 1032 suggendum
1041 931 1200 1004 tradidit.

135 1034 258 1118 lnlans
277 1047 396 1147 itaque
417 1046 513 1119 suxit
529 1064 566 1121 et
582 1048 690 1145 paulo
708 1064 790 1146 post
811 1064 954 1122 mortua
976 1064 1051 1140 est;
1072 1050 1204 1122 mulier

134 1189 224 1271 vero
242 1164 491 1238 convalescens
513 1164 556 1236 ad
578 1167 724 1265 propria
743 1191 882 1239 reversa
900 1184 964 1239 est.
984 1169 1108 1240 Postea
1128 1167 1204 1240 sore

136 1305 187 1352 xv
206 1280 311 1352 annis
326 1280 436 1369 vixit,
459 1281 519 1353 sed
537 1281 705 1368 Uticum,
730 1298 921 1382 postquam
940 1281 1092 1372 ibidem,
1111 1285 1205 1355 sieut

134 1395 442 1503 supradiximus,
471 1397 611 1496 llagello
639 1399 703 1470 Dei
730 1398 895 1498 castigata
919 1414 989 1484 est,
1017 1425 1204 1498 nurrquam

133 1512 232 1586 adire
251 1515 500 1613 praesumpsit,
521 1528 557 1586 et
575 1540 622 1586 ne
642 1511 904 1588 habitatoribus
925 1512 1021 1586 illius
1041 1513 1201 1587 coenobii

132 1628 314 1704 ullatenus
336 1646 484 1702 noceret
507 1657 568 1704 seu
589 1631 793 1730 prodesset,
816 1646 897 1704 toto
922 1633 1004 1704 nisu
1023 1659 1060 1704 se
1084 1648 1203 1705 custo-

131 1744 244 1834 divit,
263 1746 435 1846 quamdiu
452 1748 489 1819 in
513 1749 726 1820 aerumnosis
743 1746 849 1845 hujus
872 1749 954 1820 vitae
972 1748 1203 1821 felicitatibus

132 1878 255 1964 postea
287 1865 390 1936 vixit.
424 1862 601 1936 Abbutem
633 1879 750 1938 tamen
781 1865 1018 1937 teodericum
1051 1865 1201 1951 dilexit,

132 1980 238 2078 eique
262 1981 375 2080 magis
398 2007 505 2079 quam
523 1980 683 2053 Uticensi
707 1980 864 2053 eeclesiae
887 1980 1013 2052 cellam
1040 1982 1076 2051 S.
1104 1982 1204 2050 Mar-

133 2095 225 2182 tini,
252 2111 294 2167 ut
319 2120 384 2194 per
407 2096 700 2193 anticipationem
723 2095 897 2182 diximus,
924 2094 1205 2167 commendavit.

186 2211 450 2310 [iord-1030]
482 2213 521 2283 ln
554 2209 634 2284 sede
661 2212 854 2310 apostolica
884 2210 1079 2301 Benedioto
1115 2238 1203 2311 papa

133 2326 330 2413 residente,
358 2326 542 2400 Sarraceni
566 2326 611 2399 de
640 2326 760 2399 Africa
784 2327 829 2399 ‚in
861 2318 1028 2425 Apuliam
1059 2328 1203 2428 navigio

133 2443 282 2544 singulis
315 2444 418 2516 annis
454 2442 670 2531 veniebant,
709 2457 746 2514 et
777 2467 841 2542 per
874 2441 1029 2543 singulas
1062 2441 1204 2541 Apuliae

133 2558 242 2635 nrbes
269 2561 419 2660 vectigal
448 2579 624 2660 quantum
653 2558 824 2634 volebant
848 2588 866 2632 a
896 2559 1076 2634 desid-ibus
1108 2561 1204 2633 Lan-

133 2677 301 2780 gobardis
330 2694 366 2752 ot
392 2678 528 2751 Graecis
555 2677 754 2750 Calabriam
782 2675 1024 2751 incolentibus
1054 2678 1203 2776 impune

133 2786 369 2896 accipiebant.
392 2797 456 2868 His
474 2793 599 2869 diebus
616 2794 819 2868 Osmundus
834 2808 1077 2896 cognomento
1089 2796 1204 2870 Dren-

131 2903 238 3012 'gotus
264 2910 498 2984 Willermnm
525 2910 787 3009 Repostellnm‚
818 2910 881 3010 qui
909 2936 982 2982 sese
1008 2908 1052 2982 de
1075 2924 1203 3008 stupro

133 3027 219 3100 filiae
240 3030 315 3127 ejus
336 3028 374 3099 in
400 3027 576 3100 audientia
604 3028 821 3126 optimatum
842 3025 1078 3099 Normanniae
1104 3051 1203 3099 arro-

130 3158 258 3243 gauter
264 3146 471 3243 jactaverat,
486 3143 582 3215 inter
598 3168 726 3214 manus
738 3141 905 3215 Rotberti
917 3140 1017 3213 ducis
1029 3141 1066 3213 in
1083 3140 1200 3240 sylva,

131 3258 196 3331 ubi
225 3258 435 3348 venabatur,
464 3259 619 3347 occidit;
645 3284 714 3358 pro
740 3285 815 3359 quo
842 3275 943 3332 reatu
970 3285 988 3329 a
1015 3256 1104 3330 facie
1128 3260 1202 3354 ejus

128 3375 233 3473 prius
260 3376 297 3446 in
318 3376 565 3462 Britanniam,
590 3374 719 3448 deinde
744 3375 782 3448 in
807 3374 992 3475 Angliam‚
1018 3389 1202 3472 postremo

130 3493 376 3565 beneventum
394 3517 477 3565 oum
495 3491 578 3564 liliis
602 3510 638 3566 et
659 3491 853 3591 nepotibus
869 3491 1021 3590 aufugit.
1042 3490 1109 3562 Hic
1131 3489 1203 3589 pri·

131 3633 213 3679 mus
243 3606 540 3682 Normannorum
569 3607 687 3682 sedem
716 3608 753 3680 in
784 3606 912 3706 Apulia
944 3604 1011 3678 sibi
1045 3604 1200 3705 delegit,

132 3741 208 3797 eta
235 3725 401 3825 principe
426 3726 762 3799 Beneventanorum
783 3723 957 3824 oppidum
980 3723 1024 3796 ad
1048 3749 1202 3803 manen-

132 3840 221 3913 dum
246 3839 314 3912 sibi
341 3843 484 3943 suisque
511 3840 712 3915 haeredibus
736 3841 885 3939 accepit.
913 3838 1050 3913 Deinde
1077 3839 1202 3939 Drogo

132 3955 281 4056 quidam
305 3956 536 4033 Nomannus
558 3958 660 4032 miles
683 3985 766 4031 cum
790 3971 938 4031 centum
962 3953 1137 4027 militibus
1163 3955 1201 4025 in

132 4073 328 4148 Jerusalem
354 4102 501 4176 peregre
523 4077 699 4175 perrexit,
724 4102 834 4176 quem
860 4074 942 4147 inde
960 4091 1200 4147 revertentem

132 4215 220 4262 enm
251 4192 355 4265 sociis
387 4195 458 4266 suis
486 4193 731 4267 Waimalelrns
764 4193 836 4266 dux
869 4193 962 4292 apud
995 4193 1201 4264 Psalernum
