2910 4980
190 457 299 532 [ioss]
565 448 682 510 siaua
702 444 879 507 seuerus.
1211 450 1251 509 sr

188 570 298 643 minis
313 568 377 642 Dei
391 566 569 653 accersiit,
585 591 739 665 eumque
754 590 823 664 pm
838 563 917 637 viro
933 565 997 636 Dei
1012 564 1051 636 iu
1067 564 1250 637 ecclesiam

188 686 301 759 misit.
320 684 384 758 llle
402 706 487 756 vero
507 695 551 754 ut
568 706 710 755 servum
733 680 797 755 Dei
821 679 1034 765 defunctum
1051 680 1090 751 in
1106 680 1250 754 ecclesia

190 804 349 890 invenit,
379 800 527 874 territus
551 798 595 872 ad
622 798 830 872 Antistitem
857 798 983 889 rediit,
1012 813 1251 900 eventumque

190 921 411 1021 insperatum
427 918 600 992 tremulus
613 916 751 991 retulit.
768 916 837 991 Sed
853 916 1040 1016 episcopus
1052 917 1170 989 virum
1185 916 1251 991 Dei

190 1053 265 1109 tam
279 1034 399 1109 subito
414 1035 580 1135 migrasse
597 1059 673 1107 non
685 1032 851 1122 credens,
866 1033 916 1104 ait
935 1060 944 1103 ε
969 1033 1099 1107 Toedio
1114 1036 1228 1106 moris
1236 1088 1249 1122 ‚

189 1157 372 1254 ninsioque
384 1169 473 1225 cestu
488 1152 602 1226 bonus
615 1152 733 1225 senior
740 1150 855 1223 ualde
855 1151 1048 1251 fatigatus
1060 1167 1132 1239 cst;
1146 1151 1253 1226 ideo-

189 1298 261 1372 que
272 1296 369 1344 nunc
378 1275 416 1341 in
425 1266 610 1369 refrigerio
619 1269 782 1341 ccclesias
792 1293 902 1370 super
900 1266 1088 1367 frigidum
1097 1294 1256 1341 marnwr

189 1389 296 1461 suavi
309 1412 439 1489 sopore
453 1384 617 1458 detentus
634 1400 698 1456 est.
717 1385 860 1456 Eamus
875 1410 973 1456 neeric
989 1409 1072 1455 eum
1091 1385 1250 1457 visitare.

189 1502 326 1576 Praesul
342 1504 461 1605 itaque
475 1528 557 1574 cum
573 1501 710 1574 clericis
724 1500 795 1572 suis
813 1501 849 1572 in
866 1498 1048 1573 ecclesiam
1064 1500 1249 1599 processit.

190 1619 261 1713 Qui
290 1632 333 1689 ut
361 1643 567 1717 comparem
591 1642 695 1687 suum
718 1615 908 1715 diiigenter
935 1615 1072 1717 tetigit,
1099 1640 1254 1717 eumque

190 1749 309 1808 morte
320 1732 477 1834 gelidum
489 1733 640 1833 reperit,
654 1748 801 1831 stupens
812 1731 1012 1806 condoluit.
1028 1733 1113 1805 Mox
1127 1756 1253 1805 omnes

190 1853 413 1953 peregrinos,
427 1852 490 1952 qui
499 1854 574 1950 jam
588 1878 653 1950 per
666 1849 802 1923 diversa
816 1848 968 1949 hospitia
982 1848 1158 1948 prandere
1172 1874 1255 1949 pro·

191 1966 385 2056 cumbunt,
405 1967 442 2039 in
459 1966 602 2040 ecclesia
620 1964 828 2065 congregari
846 1964 1036 2063 preecepit,
1058 1962 1255 2065 indigenis·

191 2111 262 2185 que
274 2084 369 2157 illius
381 2083 449 2157 loci
464 2082 574 2155 vitam
585 2079 746 2155 defuncti
759 2080 938 2181 peregrini
950 2079 1104 2154 fideliter
1112 2078 1251 2153 retulit.

192 2200 246 2272 llli
265 2226 352 2273 vero
364 2194 547 2298 comperte
562 2202 636 2297 ejus
652 2196 845 2297 religione,
862 2197 969 2297 gavisi
983 2212 1088 2289 sunt,
1103 2211 1139 2271 et
1154 2195 1255 2272 obse·
1356 2278 1363 2291 ‚

190 2317 274 2417 quia
300 2343 362 2389 sua
388 2318 632 2415 impensasque
659 2314 798 2388 coeteris
826 2315 1022 2415 peregrinis
1047 2312 1254 2417 benigniter

190 2430 417 2505 obtulerunt.
449 2430 583 2505 Deinde
611 2430 744 2530 praesul
775 2428 949 2506 defuncto
974 2432 1140 2532 exequias
1170 2458 1253 2505 cum

190 2547 328 2620 clericis
350 2544 422 2620 suis
444 2544 636 2646 persolvit,
663 2548 766 2649 eique
785 2546 1005 2647 sepulturam
1027 2564 1110 2621 aute
1130 2563 1254 2649 portas

190 2665 347 2739 ecclesioe
370 2690 390 2736 s
412 2663 561 2765 reliquis
585 2664 780 2765 peregrinis
805 2662 882 2737 fieri
904 2664 1022 2765 jussit.
1051 2664 1107 2739 llli
1134 2682 1253 2740 autem

192 2778 327 2854 baculis
340 2782 413 2854 suis
430 2779 491 2853 ubi
508 2780 673 2880 pontifex
689 2796 908 2881 praeceperat
921 2780 1053 2855 fossam
1068 2780 1252 2872 fecerunt,

193 2898 236 2971 ad
257 2896 418 2972 defuncti
443 2894 585 2996 glebam
612 2912 787 2997 praesente
815 2898 988 2972 Antistite
1010 2916 1253 2992 accesserunt,

193 3029 230 3086 et
255 3011 396 3087 deferre
416 3013 459 3085 ad
481 3012 730 3087 tumulandum
753 3012 961 3088 volucrunt.
988 3013 1057 3087 Sed
1080 3031 1172 3086 nutu
1190 3016 1255 3090 Dei

196 3130 243 3201 ita
259 3154 391 3229 corpus
403 3144 632 3231 aggravatum
646 3146 720 3221 est,
738 3145 813 3203 uta
829 3129 910 3204 loco
925 3129 1156 3204 dormitionis
1169 3132 1257 3207 nul-

195 3246 335 3319 latcnus
343 3246 482 3320 moveri
496 3246 681 3343 potuisset.
694 3244 801 3340 Quod
814 3272 964 3323 cernens
974 3247 1160 3348 episcopus
1172 3274 1257 3321 oum

194 3358 367 3435 omnibus
380 3361 444 3462 qui
471 3361 635 3450 aderant,
653 3362 753 3435 valde
777 3363 929 3436 miratus
950 3378 1023 3450 est3
1042 3364 1257 3464 diutinoque

194 3476 402 3577 cumusoeiis
422 3475 651 3577 stupentibus
667 3474 756 3577 quid
775 3495 922 3578 agerent
946 3493 1098 3552 tractatu
1119 3478 1258 3579 potitus

195 3608 261 3669 est.
285 3590 450 3669 'leudem
466 3593 586 3666 diviua
614 3594 761 3669 edoctm
780 3595 1015 3693 inspiratione
1032 3596 1124 3670 dixit
1150 3626 1160 3670 s
1189 3599 1261 3670 Vir

196 3710 265 3783 nee
277 3734 426 3811 magna
439 3710 645 3783 sanctitatis
655 3706 756 3812 sitit,
779 3728 813 3784 et
832 3712 912 3783 uita
928 3713 1009 3811 ejus
1028 3729 1066 3783 ut
1086 3740 1184 3787 nunc
1200 3713 1256 3787 iu·

195 3814 788 3929 csilcmcnrjcstaturDeoplocuit.
804 3828 921 3918 Unde,
939 3845 977 3900 ut
990 3856 1084 3920 reor,
1099 3830 1260 3932 digniori

196 3928 277 4019 taio
301 3942 408 4019 dotet
427 3946 591 4049 sepeliri,
620 3962 654 4017 et
674 3972 698 4017 a
720 3947 824 4021 nobis
849 3944 1039 4020 celebriori
1062 3949 1257 4021 reverentia

192 4062 262 4159 'pro
277 4086 391 4163 posse
412 4079 533 4135 nostro
551 4062 655 4135 debet
676 4062 812 4137 anwdo
836 4067 997 4139 tractari.
1016 4062 1128 4139 Nunc
1149 4066 1260 4166 igitur

72 4184 102 4223 ¹·
196 4200 262 4275 ogo
273 4202 357 4251 cum
370 4176 510 4253 clericis
522 4182 653 4253 nostris
662 4206 736 4281 pro
749 4181 875 4254 aniina
888 4183 968 4281 ejus
982 4182 1115 4259 divinoe
1127 4185 1260 4283 majes-
