2910 4980
560 477 677 538 tiana
697 477 881 553 orturus.
1198 479 1256 540 tos

189 599 518 674 sanctimonialium
533 598 627 698 apud
639 598 965 671 Altam-brueriam
977 598 991 695 (
1001 601 1030 696 t)
1046 598 1163 671 velum
1183 628 1257 671 sus-

191 717 306 816 cepit,
333 713 455 817 ibique
471 716 580 787 vitam
599 742 719 803 suam,
739 713 965 788 laudabiliter
987 717 1024 787 in
1044 715 1173 789 timore
1192 717 1256 790 Dei

189 859 440 934 perseverans,
459 831 651 906 salubriter
669 833 839 906 correxit.

240 953 435 1051 Postquam
461 949 674 1023 Guillelmus
691 976 829 1039 comes,
849 948 1001 1024 Osberni
1021 951 1133 1039 filius,
1154 952 1258 1024 Flan-

191 1068 376 1142 drensium
395 1070 503 1140 armis
522 1067 713 1156 occubuit,
736 1066 948 1140 Guillelmus
967 1095 1028 1141 rex
1048 1072 1122 1167 ejus
1144 1068 1259 1143 liono-

191 1211 271 1259 rem
285 1185 368 1259 liliis
379 1184 534 1284 ejusdem
544 1183 749 1257 distribuit:
763 1183 959 1258 Guillelmo
974 1185 1029 1283 (2)
1043 1185 1256 1271 Bretolium‚

193 1317 377 1402 totamque
400 1303 513 1402 patris
532 1303 790 1402 possessionem
808 1303 845 1375 in
863 1301 1107 1390 Norrnannia,
1128 1319 1164 1375 et
1185 1305 1261 1376 tto-

191 1421 292 1520 gerio
308 1419 586 1494 Herfortlensem
603 1422 815 1492 comitatum
833 1420 869 1491 in
885 1419 1026 1519 Anglia.
1045 1419 1259 1494 Guillelmus

191 1554 334 1630 autem,
357 1540 420 1639 qui
445 1537 664 1613 moderatior
691 1538 832 1626 extitit,
856 1537 1024 1611 Uticense
1049 1537 1259 1611 coenobium

193 1654 292 1729 valde
310 1654 454 1745 dilexit,
475 1673 511 1730 et
528 1657 630 1755 plura
638 1655 700 1727 illi
718 1653 976 1752 beneficiapro
993 1654 1179 1728 animabus
1198 1683 1261 1753 pa-

191 1788 339 1849 rentum
356 1801 506 1849 suorum
522 1773 692 1848 contulit.
707 1773 800 1846 Nam
813 1789 952 1846 textum
964 1773 1259 1872 Evangeliorum‚

191 1917 281 1966 auro
296 1907 519 1993 argentoque
531 1907 568 1966 et
583 1888 759 1990 lapidibus
770 1907 961 1976 ornatum,
982 1918 1047 1988 per
1064 1892 1260 1992 Rogeriurn

191 2008 410 2082 monachum
436 2009 480 2083 de
507 2010 625 2108 Sappo
648 2008 864 2096 transmisit,
889 2022 926 2080 et
951 2007 1072 2079 omnia
1097 2035 1167 2108 que
1193 2007 1262 2082 lio·

192 2127 308 2199 mines
333 2126 387 2198 sui
409 2141 532 2200 sancto
550 2123 707 2198 Ebrulfo
728 2123 900 2198 dederant
923 2149 986 2196 seu
1006 2124 1256 2212 vendiderant,

192 2241 381 2314 concessit.
410 2241 566 2314 Centum
590 2241 698 2314 etiam
719 2238 852 2313 solidos
875 2238 919 2311 de
948 2239 1092 2313 teloneo
1123 2267 1188 2314 suo
1218 2240 1262 2313 de

192 2354 283 2430 Gloz
297 2355 352 2452 (ὅ)
370 2381 434 2450 per
450 2354 608 2454 singulos
626 2356 740 2428 annos
754 2353 864 2428 modo
881 2356 1009 2426 annuit
1019 2409 1030 2443 ‚
1047 2372 1084 2428 et
1102 2354 1263 2428 chartam

192 2469 395 2570 hujusmodi
423 2498 544 2545 coram
569 2470 805 2569 optimatibus
827 2471 898 2543 suis
919 2487 1104 2571 gratanter
1127 2473 1264 2547 conlir·

192 2605 315 2661 mavit.

241 2707 327 2806 Ego
347 2706 791 2780 GuillebnusdeBretolio
802 2764 811 2794 ‚
819 2707 928 2808 filius
944 2707 1135 2781 Gaillelmi
1145 2716 1262 2783 comt-

193 2824 258 2910 tis,
279 2823 328 2895 do
346 2822 451 2895 beato
464 2821 622 2922 Ebrulso
636 2841 670 2895 et
681 2825 761 2924 ejus
778 2824 979 2914 monachis,
1001 2825 1047 2897 de
1062 2825 1199 2898 teloneo
1218 2829 1265 2900 de

195 2938 301 3028 Gloz,
321 2955 463 3012 centum
475 2940 615 3012 solidos
628 2967 876 3029 nummorum,
893 2940 947 3012 ad
953 2945 1077 3042 pisces
1090 2944 1264 3018 emendos

193 3083 264 3129 uno
285 3082 429 3156 quoque
444 3083 543 3131 anno
563 3060 601 3129 in
626 3060 747 3159 eapite
767 3058 1075 3158 Quadragesimoe
1084 3118 1096 3150 ,
1114 3089 1189 3162 pro
1207 3089 1267 3134 re-

192 3173 398 3273 demptione
412 3179 546 3248 animae
558 3177 677 3276 patris
695 3177 768 3247 met'
786 3193 820 3247 et
839 3177 966 3248 matris
984 3202 1075 3247 mece
1094 3194 1128 3248 et
1147 3205 1264 3263 utere,-

192 3307 227 3361 et
246 3305 285 3360 ut
300 3292 550 3362 anniversarie
566 3318 688 3364 eorum
701 3309 735 3363 et
747 3318 865 3363 meum
880 3319 905 3362 a
921 3296 1061 3364 cernetis
1074 3294 1268 3367 monacbis

179 3398 316 3502 fistice
329 3422 502 3504 agantur,
519 3421 553 3477 et
564 3408 603 3476 in
619 3409 866 3480 anniversario
881 3408 1170 3508 uniuscnjusque
1185 3437 1268 3482 nos-

192 3537 287 3592 trum
300 3519 402 3593 cibus
417 3539 451 3593 et
464 3540 572 3623 potus
590 3525 697 3596 unius
709 3522 879 3596 monachi
888 3551 956 3624 pro
970 3523 1044 3597 illis
1056 3526 1164 3615 deun·
1172 3556 1267 3629 pau-

191 3636 356 3737 peribus.
374 3638 422 3708 In
435 3641 515 3710 nita
530 3666 616 3712 aero
637 3666 720 3711 mea
729 3666 800 3741 pro
818 3642 1004 3713 memissa
1020 3642 1068 3714 de
1089 3645 1267 3721 Tn'm'tute

224 3993 265 4064 (t)
284 3993 535 4065 flaute-bruyere,
558 3994 670 4066 prieure
687 3991 724 4046 de
740 3991 842 4047 l’ordre
860 3993 896 4048 de
914 3994 1119 4065 Fontemauld,
1141 4001 1156 4053 a
1175 4001 1268 4058 Saint.

198 4078 439 4149 Remi-l’llonorc‚
455 4082 519 4154 pres
531 4079 828 4136 Montsort-l’Amauri.
874 4126 877 4130 ,

233 4174 274 4239 (a)
291 4171 452 4227 Guillaume
465 4172 509 4241 ll,
523 4173 652 4248 seigneur
661 4171 697 4226 de
706 4171 840 4227 Breteuil.

231 4255 270 4329 (ὅ)
286 4258 556 4329 Glos-la-Ferritre,
572 4270 729 4316 autretnent
742 4259 1013 4333 Cloe-souslaigle.
