2926 4980
200 429 260 490 stt
475 426 660 488 HISTORIA
681 426 985 490 Eccnffilssrlca.

248 545 311 620 Vl.
332 544 494 645 Denique
511 543 607 620 idem
615 545 880 620 Caesaromnem
900 546 1106 621 Neustriam
1118 549 1271 626 solerter

199 660 414 762 exploravit,
426 674 463 733 et
471 659 785 764 superSequanam
795 659 947 734 flurium
956 661 1085 737 urbem
1096 665 1271 739 Rotoma-

197 803 286 876 gum
297 775 458 851 construi
472 777 647 875 praecepit
658 776 696 849 in
708 776 790 852 loco
802 779 999 876 aptissimo,
1014 778 1076 852 ubi
1091 779 1137 853 ad
1149 783 1270 857 orien-

200 896 269 969 tale
282 911 391 995 caput
402 892 504 966 urbis
520 893 650 967 Albula
662 894 719 993 (ι)
733 894 865 968 fluvius
882 922 965 969 cum
978 895 1215 989 Rodebccco,
1232 915 1269 974 et

197 1009 243 1083 ab
260 1036 386 1085 occasu
398 1015 566 1084 Marrona
579 1010 636 1108 (a)
650 1011 689 1084 iu
701 1011 903 1111 Sequanam
916 1011 1060 1087 diffluit.
1080 1015 1267 1090 Rodomns

197 1144 318 1202 autem
335 1127 435 1226 quasi
452 1127 703 1200 Romanorum
715 1127 844 1201 domus
856 1126 902 1200 ab
915 1129 999 1227 ipsis
1014 1130 1267 1206 conditoribus

196 1243 369 1343 appellata
379 1259 431 1318 est
438 1241 529 1332 ,ubi
542 1242 634 1342 legio
645 1241 844 1336 Quiritum,
855 1246 1095 1344 provinciales
1104 1247 1267 1349 undiquc

196 1359 402 1462 gubernans
415 1374 451 1434 et
466 1360 723 1459 comprimens,
743 1377 821 1436 tute
835 1381 1058 1437 commorata
1074 1380 1128 1438 est
1143 1366 1216 1464 (ὅ).

247 1477 484 1552 Rodomensis
500 1477 624 1550 civitas
639 1476 782 1578 populis
798 1494 848 1552 est
863 1506 903 1552 ac
916 1482 1149 1580 negotiorum
1165 1507 1265 1556 com-

198 1595 341 1668 merciis
360 1593 653 1694 opulentissima,
674 1611 801 1692 portus
820 1622 967 1698 quoque
991 1597 1212 1673 confluentia
1230 1615 1265 1674 ct

197 1712 362 1785 rivorum
389 1736 577 1785 murmure
603 1737 644 1783 ac
674 1727 865 1810 pratorum
893 1716 1107 1790 amoenitate
1129 1718 1264 1815 jocun-

196 1827 359 1915 dissima;
379 1826 567 1900 fructuum
588 1842 625 1901 et
641 1828 816 1928 piscium,
839 1847 1126 1932 cunctarumque
1143 1857 1264 1906 rerum

196 1943 427 2020 exuberantia
436 1942 608 2018 ditissima
616 1972 628 2033 ς
642 1944 831 2020 montibus
844 1962 880 2019 et
892 1946 1012 2047 Sylvis
1025 1945 1264 2049 undiquecin

197 2064 380 2153 cumdata3
411 2062 524 2136 muris
549 2089 594 2147 ‚ac
620 2062 722 2137 vallis
748 2080 785 2138 et
812 2064 1090 2164 propugnaculis
1119 2066 1264 2140 validis-

196 2183 301 2269 sima3
330 2181 478 2254 moeniis
501 2195 539 2255 et
567 2180 727 2254 aedificiis
753 2180 949 2256 domorum
971 2209 1012 2256 ac
1036 2182 1263 2258 basilicarum

195 2297 452 2396 pulcherrima.
484 2295 541 2369 Ad
570 2296 663 2370 hanc
692 2324 712 2370 a
741 2315 866 2374 sancto
897 2301 1072 2402 Dionysio
1101 2317 1264 2402 tempore

196 2413 398 2489 Domitiani
416 2411 563 2486 Caesaris
582 2410 706 2486 beatus
722 2413 885 2514 Nigasius
900 2417 1089 2517 episcopus
1104 2442 1264 2493 cumsc-

195 2531 259 2605 ciis
272 2530 345 2604 suis
357 2527 554 2603 destinatus
567 2544 620 2604 est
633 2530 709 2628 (4);
729 2530 790 2604 sed
807 2529 927 2607 obiter
940 2533 980 2605 in
992 2532 1150 2635 quodam
1165 2533 1261 2622 loro,

194 2649 294 2750 quod
307 2648 468 2722 Scamnis
482 2646 617 2720 dicitur
627 2649 699 2747 (5),
717 2649 910 2724 aSisinnio
925 2651 1151 2726 Fescennino
1165 2678 1264 2727 com·

193 2767 390 2868 prehensus
414 2781 485 2855 est,
504 2782 542 2840 et
559 2780 768 2840 constanter
789 2767 827 2841 iu
850 2766 919 2842 lide
942 2768 1075 2842 Christi
1100 2796 1265 2872 perseve-
1292 2832 1299 2841 .

229 3043 269 3114 (ι)
287 3038 449 3107 L'Anbstte,
462 3039 550 3113 petite
560 3039 661 3095 risiere
672 3041 723 3114 qni
734 3041 825 3115 prend
837 3058 866 3098 sa
878 3059 977 3099 source
987 3045 1004 3098 t
1013 3042 1264 3117 sunt-tegerus-

194 3127 344 3187 Bcurdeni.
354 3157 390 3170 -
398 3126 437 3181 ta
449 3127 548 3182 rivitre
559 3125 595 3182 de
604 3125 708 3184 Rcbec.

228 3221 268 3292 (a)
286 3220 324 3274 La
335 3217 435 3273 riricre
449 3215 484 3272 de
497 3217 659 3272 Mesorome.

229 3307 269 3384 (3)
288 3308 365 3363 Nous
378 3323 496 3380 croyons
510 3307 615 3362 n’avcir
630 3324 677 3380 pas
695 3306 793 3362 besoin
810 3305 846 3362 de
866 3307 973 3363 reluter
989 3309 1190 3366 serimsement
1207 3328 1264 3368 unc

194 3395 362 3471 etymologis
373 3396 447 3450 aussi
459 3393 588 3450 absurde.
605 3393 629 3450 ll
641 3412 713 3450 nous
727 3392 819 3450 snffira
832 3393 868 3450 de
879 3394 1006 3470 rsppsler
1017 3415 1073 3472 que
1085 3397 1112 3454 le
1122 3416 1191 3454 nom
1203 3400 1264 3473 psi·

194 3487 272 3545 mitil
287 3485 323 3542 de
335 3484 436 3540 Rouen
449 3494 491 3539 est
502 3484 688 3559 Rotomagus,
702 3495 731 3541 et
747 3502 802 3559 que
817 3485 974 3556 Rodomus,
988 3487 1136 3558 Rotomus,
1150 3499 1215 3558 etc,
1228 3507 1264 3545 ne

194 3587 258 3633 sont
269 3593 326 3649 qne
337 3573 387 3628 des
400 3571 571 3648 equivalenti
583 3572 622 3627 du
636 3590 736 3646 moyen
748 3571 809 3646 ige.

228 3669 268 3738 (l)
286 3665 364 3720 Nous
376 3680 479 3719 verions
491 3661 651 3737 d’indiquer
664 3665 674 3734 (
679 3682 707 3736 p.
718 3661 820 3735 313J1a
832 3663 908 3720 seule
921 3662 985 3720 date
997 3664 1166 3722 convenable
1178 3666 1264 3741 qn’on

192 3759 286 3831 puisse
296 3754 419 3826 assigner
427 3756 443 3807 a
452 3751 478 3807 la
490 3753 605 3807 mission
614 3751 649 3808 de
661 3754 733 3809 saint
744 3753 853 3809 Nicaisc
866 3771 927 3809 vers
941 3753 967 3809 le
977 3754 1112 3810 chel-lien
1123 3753 1161 3810 de
1173 3755 1201 3812 ls
1213 3757 1263 3815 Se·

193 3844 281 3901 ronde
289 3842 441 3916 Lyonnaise
450 3863 458 3907 ;
468 3858 500 3896 ce
511 3842 561 3914 qui
569 3839 596 3896 le
603 3841 701 3913 rejette
708 3842 774 3897 bien
784 3841 842 3897 loin
850 3841 885 3896 de
894 3842 1047 3899 Domitien.
1056 3841 1181 3899 Geloi-oi
1193 3844 1264 3900 n’est

193 3936 309 4010 indique
322 3951 429 3989 comme
441 3950 491 3987 son
507 3933 717 4005 contemporain
733 3933 797 4007 qu’t
815 3950 896 3987 cause
911 3933 948 3988 de
960 3933 986 3989 la
999 3932 1158 4002 confusion,
1172 3933 1262 3989 conti·

193 4025 285 4083 nuelle
298 4043 334 4079 au
351 4042 451 4095 moyen
468 4023 532 4095 ige,
547 4022 582 4077 de
599 4023 672 4077 saint
684 4022 769 4078 Denls
784 4021 972 4096 l'Artopagite
985 4041 1049 4078 avec
1068 4023 1141 4077 ssint
1159 4022 1260 4090 Derris,

193 4117 298 4190 eritque
309 4115 345 4170 de
357 4114 444 4168 Paris.
660 4183 664 4191 Ι

227 4205 265 4279 (5)
285 4204 333 4262 On
345 4221 463 4278 suppose
473 4222 529 4277 que
542 4221 573 4259 ce
586 4221 653 4262 nom
670 4203 785 4278 designo
800 4203 896 4262 leliea
910 4205 960 4279 qul
973 4221 988 4259 a
1003 4203 1062 4278 pris
1073 4203 1261 4276 posteriore
