2910 4980
192 425 253 486 332
465 419 650 482 HISTORIA
671 417 981 482 Ecclmlasrlcl.

192 545 309 620 clerus
326 541 555 618 Ebroicensis
570 569 654 616 cum
670 541 835 618 fidelibus
852 540 1029 644 indigenis
1042 541 1154 642 primi
1166 568 1257 642 prae·

193 662 279 735 sulis
295 662 348 734 sui
367 661 519 735 Taurini
534 660 779 763 polyandrum
792 660 958 760 quaesivit
967 713 978 749 ,
997 659 1147 760 [leoque
1161 684 1258 734 mon·

193 795 330 854 strante
342 779 561 877 invenit(r).
574 777 712 851 Deinde
724 786 931 864 reverenter
942 774 986 851 dc
996 790 1091 851 terra
1102 775 1257 850 levatum

193 911 248 971 est
259 949 271 986 ,
300 910 337 969 et
362 911 445 994 post
472 894 616 994 aliquod
641 908 782 993 tempus
807 893 829 966 ia
856 891 1020 968 fidelibus
1041 893 1258 966 Fiscannum

195 1011 480 1087 translatumest.
492 1008 545 1115 lbi
556 1007 759 1084 venerabile
768 1006 1257 1096 coenohiummonachorum,

193 1127 238 1202 ad
249 1128 390 1204 deitatis
409 1128 548 1201 cultum
559 1129 696 1228 jugiter
712 1126 902 1228 agendum,
917 1141 1258 1218 constructnmost,

195 1245 317 1348 ibique
335 1248 373 1319 in
392 1272 493 1346 capsa
511 1247 670 1346 preciosa
687 1246 800 1318 sancti
819 1246 886 1319 riri
902 1270 1034 1346 corpus
1048 1257 1259 1320 veneranter

195 1378 358 1463 apiacum
373 1379 426 1438 est
443 1365 456 1460 (
481 1363 511 1460 ).

188 1567 189 1570 Ἴ
244 1482 350 1555 Alma·
384 1482 544 1555 Taurini
568 1481 738 1582 praesulis
760 1479 934 1582 precibus
968 1496 1003 1553 et
1017 1518 1019 1523 ·
1033 1480 1172 1553 meritis
1200 1504 1259 1553 nos

195 1601 297 1672 Deus
309 1614 413 1672 eruat
423 1597 472 1670 ab
483 1603 580 1671 omni
589 1624 727 1673 veneno
740 1600 930 1688 vitiorum,
943 1614 978 1671 et
987 1593 1151 1699 peffecto
1164 1622 1261 1671 sano

196 1732 314 1788 tarum
327 1714 474 1788 decoret
485 1740 553 1789 nos
562 1714 700 1816 jubare
710 1717 897 1804 virtutum,
914 1715 999 1787 etin
1011 1713 1152 1788 soractis
1166 1713 1261 1786 more

194 1829 359 1904 sionibus
382 1856 529 1903 saonam
545 1832 751 1932 conjungat
767 1830 923 1930 collegio
943 1829 1183 1920 Sanctorum,
1205 1827 1263 1902 nbi

189 1951 375 2048 possimus
402 1949 523 2050 ipsum
548 1974 669 2048 regem
692 1973 814 2046 regam
840 1947 1004 2048 digniter
1024 1946 1186 2021 laudm
1203 1970 1265 2047 per

194 2068 321 2138 omnia
334 2065 476 2139 seacula
490 2066 727 2140 sacculorum!
740 2067 873 2139 Amen.

197 2216 200 2223 ·
245 2181 342 2256 Vlll.
354 2183 452 2257 AElio
465 2183 646 2258 Hadriano
656 2199 693 2257 et
705 2183 895 2260 Antonino
909 2184 974 2257 Pio
988 2179 1261 2282 imperantibus,

192 2298 296 2375 rabia
311 2301 432 2376 hostili
446 2302 587 2377 novella
601 2299 841 2374 christianitas
857 2301 895 2374 in
908 2299 1022 2376 Gallia
1034 2298 1266 2375 vehementer

195 2416 317 2488 attrita
332 2431 399 2505 est,
419 2433 455 2491 ct
471 2433 592 2490 sancta
606 2432 722 2491 mater
735 2416 889 2490 Ecclesia
904 2442 970 2515 per
979 2441 1094 2490 annos
1105 2414 1185 2490 fere
1198 2438 1265 2488 ccx

195 2531 390 2608 admodum
401 2531 584 2606 humiliata
599 2547 652 2607 est
662 2533 733 2631 (3).
748 2531 856 2606 Nulla
867 2530 973 2606 nohis
987 2530 1135 2605 historia
1149 2529 1266 2604 mani-

232 2853 272 2923 (ι)
289 2853 330 2908 Ce
338 2852 382 2907 lut
392 2852 465 2906 saint
475 2849 623 2918 Landulfc‚
635 2849 707 2906 alors
716 2849 790 2906 clerc
798 2860 827 2905 et
839 2849 938 2923 depuis
947 2849 1051 2923 deeque
1060 2835 1210 2917 d'Eneux,
1219 2846 1267 2922 qui

197 2951 339 3008 rancura,
350 2959 387 2996 au
400 2949 639 2995 commenoement
650 2940 690 2995 du
702 2948 753 2994 ιη’
764 2939 860 3009 sidclc,
876 2939 902 2994 le
918 2938 1048 2994 tombcau
1060 2935 1097 2993 dc
1108 2937 1183 2994 saint
1194 2937 1267 2993 Tan·

197 3032 258 3099 rin,
274 3041 302 3087 et
313 3030 385 3086 baltit
398 3049 454 3086 une
466 3029 591 3104 chapelle
603 3030 709 3086 densus.

232 3120 271 3191 (a)
290 3119 438 3174 L'liistoire
450 3117 499 3174 des
511 3117 689 3175 translations
701 3118 740 3173 du
751 3136 832 3193 corps
843 3117 879 3172 de
895 3118 967 3172 saint
977 3116 1085 3170 Taurin
1095 3124 1139 3170 cst
1151 3111 1267 3188 compli-

197 3212 269 3283 quee
285 3219 314 3265 et
326 3216 398 3264 assez
411 3209 539 3265 obscure.
553 3210 717 3283 Al’dpoque
732 3209 768 3264 de
783 3208 926 3264 l’invasion
937 3206 1108 3274 omninode,
1123 3204 1200 3262 illut
1210 3222 1268 3260 em·

198 3303 279 3373 porte
298 3303 312 3355 a
333 3302 441 3356 lezoux
453 3319 490 3356 en
508 3302 657 3374 onergne
670 3300 815 3370 (Castrum
826 3297 1021 3370 Landosum),
1040 3297 1117 3370 puis,
1137 3313 1175 3350 an
1192 3311 1268 3351 oom-

197 3400 371 3447 mencement
382 3389 422 3445 du
439 3402 465 3445 x·
483 3389 580 3458 siecle,
595 3389 631 3446 de
651 3391 757 3445 Lezoux
773 3392 788 3443 a
802 3389 890 3463 Gigni
904 3407 941 3444 eo
952 3387 1205 3444 Franche-Comtd.
1222 3383 1269 3442 On

198 3498 233 3535 ne
244 3480 297 3535 sait
305 3478 400 3555 quand
412 3480 442 3535 ni
452 3498 502 3553 par
510 3480 561 3554 qni
571 3479 591 3534 il
605 3478 649 3535 fut
662 3480 793 3553 rapportd
801 3496 837 3533 cn
851 3475 1033 3532 Normandie.
1050 3474 1159 3549 Malgrd
1171 3475 1212 3531 les
1224 3475 1269 3530 re·

198 3568 360 3625 clamatione
372 3569 421 3625 des
433 3569 552 3643 abbayes
564 3569 599 3625 de
608 3569 697 3642 Gigni
710 3578 739 3625 et
748 3568 783 3624 de
792 3569 927 3641 champ‚
941 3567 1010 3622 ainsi
1023 3583 1079 3641 qne
1091 3566 1128 3621 dc
1137 3565 1165 3621 la
1174 3564 1256 3621 called

197 3657 275 3713 drale
293 3657 329 3713 de
347 3658 493 3726 Chartres,
514 3659 563 3733 qui
585 3657 728 3732 pretendit
746 3657 841 3712 l‘avoir
859 3675 926 3731 recu
945 3656 981 3711 de
996 3654 1270 3728 Philippo-Auguste

198 3749 278 3823 apris
288 3749 314 3804 le
324 3748 425 3823 pillage
435 3747 470 3804 de
482 3748 508 3803 la
519 3748 584 3804 ville
593 3736 730 3804 d’llvreux
742 3767 778 3803 en
794 3745 860 3823 1195
867 3790 875 3816 ‚
887 3747 913 3802 la
923 3746 1076 3821 possession
1086 3763 1122 3800 en
1131 3756 1175 3802 eat
1183 3745 1270 3800 reste

198 3838 350 3910 al’ahbaye
361 3838 397 3893 de
416 3837 634 3906 Saint-Taurim
652 3840 690 3893 orl
709 3837 728 3891 il
745 3855 842 3910 repose
855 3836 924 3892 dans
940 3853 997 3890 une
1009 3833 1165 3890 admirable
1177 3831 1270 3894 chine

199 3929 239 3984 du
252 3942 308 3983 xm·
320 3928 419 3999 simle,
434 3929 505 3984 dont
517 3948 588 3985 nous
600 3947 684 3984 avons
696 3927 792 4002 public
804 3928 830 3982 la
843 3925 1024 4002 description.

234 4015 272 4087 (3)
290 4018 370 4073 Cette
389 4018 546 4092 pretendue
565 4018 691 4073 invasion
708 4017 743 4073 de
758 4016 784 4072 la
801 4015 893 4073 Ganle
913 4025 956 4071 est
971 4012 1189 4087 completement
1205 4029 1270 4085 apo·
1293 4038 1323 4053 -

199 4106 319 4179 cypho,
331 4118 360 4162 et
372 4108 416 4162 n’a
425 4110 470 4163 έιέ
480 4108 619 4182 imaginee
629 4126 679 4181 par
688 4107 728 4162 les
736 4105 909 4181 legendaires
918 4105 958 4160 du
967 4120 1067 4177 moyen
1076 4103 1128 4177 ige
1136 4117 1323 4178 qoepoora

201 4198 286 4251 servir
300 4198 334 4252 dc
348 4198 428 4255 cadrc
441 4203 456 4254 'a
470 4198 544 4256 leurs
557 4200 665 4274 pieuses
680 4196 801 4254 fraudes.
