2910 4980
195 416 256 479 tat
468 416 650 477 HISTORIA
672 416 974 480 uccttsusstca.
1048 422 1249 505 [tam-1076]

196 536 417 608 honestatem
438 558 565 607 eorum
588 559 670 605 cum
688 534 862 636 religione
883 542 1113 626 venerantes,
1139 541 1190 613 eis
1210 539 1251 616 de

193 649 301 724 rebus
316 650 388 722 suis
409 648 572 722 idoneam
589 651 795 748 portionem
814 653 1061 727 coutulerunt.
1081 655 1251 730 Praefatas

194 767 328 866 quippe
349 762 556 838 Fulcherius
572 763 760 849 nobilitate
784 764 945 861 cluebat,
970 795 1012 842 ex
1033 771 1250 870 patrimonio

194 907 258 954 suo
275 905 437 979 magnam
454 879 711 977 possessionem
724 877 889 969 habebat,
907 881 1109 984 litterisque
1120 885 1249 958 affatim

195 996 371 1085 imbutus,
393 1013 524 1069 sanctas
546 996 611 1070 Dei
636 997 828 1071 Genitricis
851 1000 1043 1072 eanonicus
1065 1018 1157 1074 erat.
1179 1003 1250 1100 lpse

192 1113 452 1202 dedonatione
473 1138 620 1203 rerum,
643 1139 730 1214 quas
754 1129 877 1187 saneto
905 1113 1048 1189 dederat
1074 1115 1248 1206 Ebrulfo,

194 1226 351 1301 eltartam
373 1227 480 1317 fecit,
505 1226 653 1327 ipsoque
678 1226 859 1302 subtiliter
882 1244 919 1302 et
939 1228 1052 1303 facete
1075 1230 1249 1320 dictante,

192 1344 397 1419 Radbertus
419 1343 596 1435 Andreas,
614 1343 769 1442 scriptor
785 1344 962 1445 egregius,
981 1344 1050 1419 hoo
1066 1345 1179 1423 modo
1194 1373 1251 1421 an·

193 1463 354 1537 notavit:

240 1580 327 1679 Ego
344 1578 572 1665 Fulclterius,
591 1576 878 1677 Gerardifit'ius,
898 1578 945 1649 B.
964 1580 1101 1652 Mariae
1117 1584 1251 1654 Camo-

195 1697 304 1768 tensis
333 1694 493 1768 ecclesia
527 1692 698 1791 indignus
733 1694 1007 1794 qualiscumque
1037 1701 1249 1784 canonicus,

194 1811 397 1883 multotiens
410 1836 550 1882 mecum
565 1810 732 1909 cogitans
745 1810 897 1882 destatu
905 1838 1014 1901 mete,
1028 1812 1251 1912 aliorumque

195 1927 400 2000 nwmalium
425 1926 665 2014 conditionis,
693 1929 816 1997 omnia
832 1927 957 2021 ferme
982 1952 1067 2026 quae
1091 1927 1161 2001 sub
1184 1929 1251 2001 sale

194 2061 277 2117 sunt
294 2045 403 2143 (sicut
417 2045 467 2116 ait
483 2042 675 2138 Salomon)
692 2043 881 2142 subjacere
896 2046 1053 2117 sanitati
1074 2050 1250 2148 comperi,·

195 2189 262 2235 nee
278 2160 422 2261 aliquid
437 2186 514 2233 esse
529 2164 568 2230 in
585 2165 702 2249 terris,
721 2160 823 2258 quod
844 2157 950 2231 beare
966 2178 1052 2261 past
1074 2187 1251 2234 cerunmas

150 2323 151 2327 =
192 2277 302 2377 liujus
313 2279 401 2349 uitae
410 2275 568 2372 homines
574 2277 708 2376 possit,
722 2277 796 2346 nisi
806 2274 964 2374 aliquid,
978 2277 1067 2347 dum
1084 2279 1248 2366 uicerint,

187 2420 316 2497 prose
333 2390 603 2490 benefecerint.
632 2391 759 2489 Hujus
780 2392 834 2462 rei
853 2389 1143 2465 consideratione
1164 2418 1251 2466 eons-

194 2526 332 2598 motus,
359 2537 406 2581 ac
428 2535 586 2582 meorum
607 2512 794 2580 criminum
816 2512 1026 2581 enannitate
1044 2509 1158 2582 ualle
1175 2535 1252 2611 per·

196 2632 334 2700 territus
347 2627 538 2726 (quoniam
548 2625 805 2723 unusquisque,
819 2622 931 2697 deltis
943 2631 1163 2725 quagessit,
1176 2627 1251 2699 Deo

195 2749 368 2817 rationem
386 2743 605 2842 quandoque
627 2758 679 2814 est
694 2740 935 2831 redditurus),
963 2745 1079 2814 uisum
1101 2761 1155 2816 est
1170 2741 1252 2815 milti

195 2861 319 2954 (ereda
337 2887 385 2931 ea
403 2860 478 2931 Dei
492 2860 762 2957 inspiratione),
779 2884 827 2930 ea
837 2857 893 2930 his
912 2886 994 2957 quae
1002 2860 1192 2959 possideo,
1206 2859 1249 2931 B.

193 2971 349 3072 Ebruffa
360 2972 490 3071 aliqua
495 2999 568 3072 pro
580 2971 697 3044 salute
708 2997 802 3058 mea,
817 2974 1087 3072 amicorumque
1099 2999 1252 3046 meorum

195 3091 336 3165 tradere
344 3125 361 3177 ,·
384 3089 480 3161 unde
489 3089 635 3186 fratres
653 3092 726 3162 mei
747 3106 781 3160 et
797 3088 930 3178 amici,
956 3088 1050 3160 inibi
1065 3089 1249 3189 degentes,

193 3209 558 3309 quantulamcumque
576 3205 708 3278 habere
721 3207 866 3306 possint
884 3231 1074 3306 carporum
1091 3205 1250 3279 substan·

192 3329 383 3413 tationem,
404 3343 437 3396 et
450 3328 657 3395 memoriam
675 3326 744 3393 mei
759 3322 976 3420 aliquotiens
993 3322 1129 3394 exinde
1145 3322 1250 3395 liben-

192 3448 261 3514 tius
274 3439 429 3540 saciant
439 3475 455 3524 ‚·
478 3442 652 3539 quoniam
674 3465 737 3526 ea,
757 3465 838 3537 quce
857 3441 1011 3538 posteris
1028 3443 1157 3511 nastris
1169 3441 1249 3539 jure

192 3558 421 3630 ltaereditario
442 3558 696 3653 relinquimus,
716 3580 787 3624 nan
803 3553 918 3626 salum
933 3553 1017 3627 dico
1033 3583 1043 3624 .·
1059 3571 1146 3654 post
1163 3581 1248 3628 mor

192 3691 262 3744 tem
282 3699 355 3744 non
369 3689 543 3772 prosunt,·
563 3675 813 3759 verumetiam,
835 3676 923 3768 quia
943 3670 1039 3742 male
1055 3697 1100 3744 ea
1122 3673 1247 3744 locam·

192 3816 290 3879 rrius,
324 3787 426 3859 nobis
460 3787 652 3884 plurimum
684 3785 856 3882 officiunt.
887 3785 1023 3858 Notum
1056 3804 1177 3858 aretem
1206 3790 1246 3858 sit

192 3924 329 3976 sanctie
354 3905 534 3976 Ecclesia
554 3903 718 3975 omnibus
729 3903 907 4002 fidelibus
933 3908 1020 4002 quia
1047 3930 1116 4001 ego
1141 3902 1244 3975 libem
1279 3910 1280 3913 ’

192 4038 299 4118 atque
316 4039 554 4119 spontaneus,
584 4047 674 4092 mese
699 4022 810 4092 saluti
831 4025 869 4090 in
877 4017 1011 4119 sutura
1023 4019 1241 4120 praevidens,

193 4135 296 4204 berito
319 4133 471 4230 Eiruffa
496 4153 529 4206 et
550 4135 621 4207 sibi
642 4135 873 4209 servientibus
899 4138 968 4208 ista
993 4137 1139 4222 omnia,
1172 4136 1244 4207 licet
