2910 4980
197 434 256 496 aaa
470 401 985 494 u1sromtucctasnsrraa
1161 434 1267 516 [aaut]

195 583 231 628 se
243 552 448 628 obsidentes
463 548 674 652 abegerunt.
691 551 928 652 Fugientibus
938 542 1038 626 obvii
1052 552 1267 644 Guillelmus

195 688 232 744 et
251 671 428 742 Brienuus
447 666 581 769 grandi
593 667 689 741 caede
709 669 949 741 temeritatem
966 668 1181 769 punierunt.

243 790 319 861 Rex
356 786 502 859 interim
536 784 630 884 apud
666 786 890 860 Estafort'r
859 787 913 885 ι)
946 796 1060 889 quam
1082 787 1265 907 plurimus

193 906 427 979 factiosarum
454 904 612 1001 partium
638 900 734 975 faciti
762 922 943 1003 proventu
968 904 1111 978 delevit.
1137 906 1181 979 lu
1211 902 1265 983 tut

195 1020 451 1097 certaminibus
475 1019 624 1152 ‘sanguis
656 1020 838 1119 utrimque
872 1021 1008 1093 multus
1041 1021 1262 1113 effundituh,

195 1156 230 1215 et
257 1156 328 1212 tam
355 1138 502 1212 inermis
528 1161 638 1236 quam
659 1150 793 1209 armata
815 1134 916 1237 plebs
936 1137 1084 1212 diversis
1108 1138 1265 1213 infortu-

193 1259 262 1330 niis
279 1257 369 1369 binc
386 1254 468 1327 inde
487 1252 738 1326 miserabiliter
760 1255 982 1327 concutitur.
1005 1258 1077 1328 Lex
1096 1257 1163 1331 Dei
1183 1268 1264 1357 pu-

193 1378 260 1448 sim
279 1346 451 1459 iiolatur,
471 1387 507 1444 et
527 1370 828 1444 ecclesiasticus
797 1398 899 1471 rigor
922 1399 1040 1470 pene
1030 1371 1076 1445 ab
1092 1370 1264 1448 omnibus

191 1490 411 1571 dissolvitur
427 1486 549 1560 Coedes
566 1488 780 1563 miserorum
799 1489 1103 1588 multiplicantur,
1114 1492 1261 1569 animae

193 1635 264 1710 que
292 1604 498 1706 cupiditatis
530 1620 566 1677 et
600 1604 663 1677 irae
695 1604 850 1676 stimulis
881 1609 1105 1693 sauciantur,
1139 1622 1261 1683 etua-

192 1723 357 1797 tervatim
384 1720 467 1793 binc
496 1718 579 1794 inde
604 1719 648 1792 ad
674 1719 814 1794 inferna
841 1739 1044 1820 raptantur,
1070 1722 1260 1807 demtum

192 1843 290 1926 Deo,
313 1840 413 1937 cujus
426 1837 559 1937 judicia
579 1863 651 1910 esse
662 1838 855 1935 justissima
872 1828 1259 1941 comprobanturfllex

192 1956 408 2033 Guillelmus
431 1982 513 2029 cum
536 1981 555 2027 a
577 1955 738 2029 Liudissc
760 1973 1013 2045 reverteretur,
1042 1959 1191 2061 reliquit
1211 1958 1258 2035 ibi

191 2097 403 2174 germanum
433 2096 538 2142 suum
568 2069 795 2144 liudbertum
826 2074 1114 2149 Moritoliensem
1148 2077 1260 2149 comi·

193 2209 265 2267 tem
283 2207 318 2264 et
336 2188 561 2263 Rodbertum
580 2189 777 2262 Aucensem
803 2192 884 2290 (a),
907 2193 968 2292 qui
995 2192 1183 2267 Danorum
1201 2218 1259 2268 er·

191 2311 374 2383 cursiones
388 2322 567 2379 arcerent.
581 2308 674 2379 Dani
688 2306 906 2406 aliquamdiu
921 2307 1109 2382 delituere.
1125 2308 1259 2385 Verum

191 2443 383 2528 postquam
419 2438 494 2495 tuta
529 2438 614 2495 sunt
648 2423 811 2522 opinati,
847 2425 1022 2498 conviviis
1053 2428 1258 2526 provincie·

191 2542 280 2613 lium
294 2542 394 2640 (quae
406 2539 514 2640 vulgo
528 2537 670 2611 firmam
682 2543 735 2637 (ὅ)
756 2540 958 2639 appellant)
979 2540 1107 2630 illecti,
1128 2542 1174 2617 ad
1190 2532 1259 2619 ter·

191 2684 268 2730 ram
300 2655 547 2756 egrediuntur.
579 2651 699 2727 Ambo
728 2656 877 2729 comites
903 2684 947 2729 ex
975 2657 1174 2756 improviso
1203 2684 1259 2736 θοι

192 2772 386 2859 invadunt,
398 2770 519 2868 epulas
534 2796 663 2843 cruore
676 2770 925 2860 confundunt,
942 2774 1078 2847 instant
1090 2776 1258 2876 trepidis,

191 2891 234 2963 ad
252 2915 358 2961 naves
375 2913 488 2987 usque
505 2886 675 2960 caedendo
692 2886 870 2986 fugientes
890 2907 1172 2991 persequuntur.
1197 2892 1261 2967 lli·

191 3006 359 3106 vulgatur
376 3005 508 3076 iterum
526 3001 668 3077 eosdem
687 3003 909 3079 latrunculos
929 3004 1136 3081 Eboracum
1154 3010 1260 3085 adve-

192 3123 293 3213 nire,
312 3147 382 3221 qua
400 3118 563 3192 Natalem
580 3119 812 3193 Dominieum
830 3120 1032 3211 celebrent,
1054 3126 1258 3225 seseque-ed

191 3238 430 3343 praeliandum
449 3253 665 3336 praeparent.
687 3241 888 3338 Properans
910 3241 973 3315 illo
989 3268 1052 3315 rex
1071 3267 1091 3316 e
1109 3243 1259 3318 Snotiu-

191 3358 318 3459 gebam
344 3357 397 3454 (lq)
411 3408 421 3440 ,
450 3354 673 3454 praepeditur
696 3354 741 3428 ad
764 3357 1024 3434 tracti-Pontis
1050 3362 1103 3460 (5)
1130 3388 1260 3462 aquam-

226 3668 249 3734 (ι
282 3661 409 3718 stafford.

227 3667 265 3825 (ai
285 3750 408 3814 Robert‚
423 3759 513 3802 comte
526 3748 561 3801 de
576 3748 713 3815 Mortain,
728 3746 802 3802 frere
814 3747 908 3803 aterio
920 3748 956 3804 de
968 3750 1145 3823 Guillaume‚
1161 3765 1191 3812 et
1201 3753 1256 3811 Ro·

193 3847 270 3909 bert,
285 3851 375 3896 comto
391 3838 471 3892 d’Eu.
1056 3874 1057 3877 ,

227 3931 265 4003 (3)
283 3932 319 3985 La
330 3927 491 4000 synonymie
503 3924 603 3979 etablie
611 3924 646 3978 ici
656 3943 706 3998 par
719 3935 798 3980 notre
810 3936 910 3981 auteur
919 3939 961 3983 est
973 3929 1256 4006 parsaitemeutjuste.

192 4024 286 4094 Voyez
299 4021 431 4089 Ducange
443 4025 472 4070 et
482 4015 611 4087 Spelman
626 4033 662 4068 au
676 4016 839 4088 motfirma.

226 4115 264 4181 (d)
283 4108 478 4180 Nottingbam.

225 4199 263 4269 (5)
283 4196 454 4263 tentemus,
468 4193 536 4249 dans
548 4191 574 4246 le
585 4192 790 4268 west-Riding
801 4192 840 4248 du
852 4197 943 4250 comte
955 4194 1067 4251 d’York.
