2910 4980
204 401 244 457 00
477 392 664 453 HISTORIA
685 390 992 453 Ecctmlasrtct.
1062 392 1269 472 [roso-1057]

200 542 254 587 sas
270 528 397 587 eontra
416 511 527 611 ipsam
544 510 733 612 colligere,
756 525 793 584 et
810 508 962 583 turbatis
980 508 1107 598 rebus,
1128 535 1212 609 quae
1226 510 1270 584 ad

203 635 338 704 rictum
349 647 386 703 et
399 631 567 703 restitum
578 644 614 701 et
626 654 758 728 agapen
771 652 957 701 serrorum
969 625 1033 700 Dei
1046 625 1138 699 datae
1151 643 1267 719 erant,

195 752 312 850 ipsam
329 749 495 849 allligere.
519 744 588 821 Sed
605 742 783 846 benignus
799 748 916 832 lesus,
932 745 995 847 qui
1014 760 1067 817 est
1079 771 1185 818 verus
1198 748 1268 818 Ec-

199 868 315 939 clesiae
346 892 518 964 sponsus,
545 865 708 964 quamvis
735 863 904 936 saerirent
928 863 972 935 ad
997 861 1266 963 deprimendam

198 984 366 1059 Ecclesiae
382 1010 509 1057 navem
520 982 628 1054 maris
644 980 787 1069 fluetus,
806 981 879 1080 ipse
891 979 1108 1054 mirabiliter
1120 980 1266 1055 emicuit

199 1104 235 1175 in
245 1102 600 1200 ereptionesuornm,
611 1095 885 1197 comprimendo
895 1098 1097 1171 contrarios
1105 1113 1263 1173 conatus.

247 1216 343 1309 Quid
370 1232 456 1289 tune
483 1216 655 1313 temporis
682 1213 876 1313 contigerit
904 1210 1060 1286 Mabiliae
1080 1213 1263 1287 Willermi

198 1330 373 1404 Talavaeii
391 1328 476 1403 filiae
485 1384 497 1418 ,
517 1329 691 1402 veraciter
708 1325 916 1426 explicabo,
938 1326 1024 1400 licet
1041 1344 1264 1429 praepostero

193 1447 337 1521 ordine.
364 1450 440 1545 Ipsa
451 1500 462 1533 ,
483 1444 570 1517 dum
586 1442 680 1544 apud
696 1444 845 1516 Uticam
862 1445 898 1517 in
919 1445 1026 1519 initio
1046 1447 1263 1521 monasticus

194 1564 286 1640 ordo
301 1562 513 1665 regulariter
525 1579 740 1650 servaretur,
759 1576 796 1633 et
809 1560 977 1635 omnibus
992 1561 1262 1639 advenientibus

194 1680 377 1756 eharitatis
394 1680 506 1753 officia
522 1680 582 1778 (ut
598 1676 768 1751 haetenus
787 1677 919 1751 ibidem
935 1706 1013 1753 mos
1030 1682 1099 1781 est)
1116 1680 1263 1755 exhibe-

194 1818 345 1893 rentur,
372 1815 523 1901 propter
545 1797 692 1883 0011000,
711 1793 809 1895 quod
833 1822 915 1896 erga
937 1797 1145 1874 fundatores
1168 1798 1261 1873 illius

194 1914 355 1989 eoenobii
369 1912 524 1998 lerebat,
539 1912 660 2012 plures
673 1910 853 1986 molestias
868 1912 1035 2011 nequiter
1047 1916 1261 2013 excogitatas

193 2032 309 2107 eidem
324 2030 404 2104 loeo
423 2027 612 2103 inserebat.
633 2028 774 2126 Quippe
791 2044 917 2100 eontra
935 2026 1146 2105 Geroienses
1160 2048 1260 2131 pater

192 2154 267 2249 ejus
283 2166 319 2222 et
335 2149 428 2247 ipsa,
447 2146 637 2246 omnisque
660 2142 754 2215 illius
773 2146 962 2245 progenies
982 2146 1045 2220 diu
1062 2148 1259 2248 perdurans

191 2264 316 2339 odium
346 2263 565 2338 habuerunt.
594 2260 700 2334 Unde
728 2262 811 2362 quia
839 2264 1012 2364 Rogerius
1038 2265 1083 2339 de
1112 2268 1260 2343 Monte-

192 2384 375 2459 Gomeriei
406 2382 462 2453 vir
488 2385 562 2479 ejus
585 2378 782 2453 monachos
808 2379 950 2453 amabat
975 2398 1012 2458 et
1037 2383 1257 2473 honorabat,

192 2524 259 2573 nee
282 2499 356 2597 ipsa
381 2498 431 2569 eis
454 2512 574 2596 aperta
598 2495 733 2568 malitia
754 2520 884 2571 nocere
904 2498 1078 2589 audebat,
1100 2501 1259 2577 erebrius

193 2644 278 2690 eum
299 2613 533 2689 multitudine
554 2614 714 2687 militum
735 2616 835 2715 quasi
859 2614 1061 2717 hospitandi
1081 2621 1193 2721 gratia
1215 2622 1260 2695 ad

193 2734 451 2806 monasterium
470 2730 672 2805 divertebat
682 2759 693 2818 ;
715 2731 837 2832 sicque
854 2734 1067 2821 moriaehos,
1085 2738 1148 2837 qui
1167 2764 1260 2837 pau-

193 2866 332 2953 pertate
354 2852 391 2923 in
410 2847 523 2923 sterili
543 2876 627 2923 rure
647 2847 909 2949 affligebantur,
931 2852 1113 2952 gravabat.
1134 2852 1257 2953 Quon-

193 2971 274 3045 dam
294 2996 377 3043 cum
394 2966 527 3041 ibidem
543 2994 626 3041 eum
644 2984 791 3043 eentum
808 2968 984 3042 militibus
1003 2970 1256 3071 hospitaretur,

195 3103 232 3161 et
249 3112 267 3159 a
290 3086 428 3160 domno
451 3082 651 3158 Teoderieo
665 3081 794 3157 abbate
811 3084 1085 3185 redargueretur
1096 3113 1164 3160 eur
1176 3114 1258 3160 eum

196 3220 293 3277 tanta
306 3198 506 3276 ambitione
518 3198 563 3273 ad
575 3226 747 3300 pauperes
761 3198 963 3274 coenobitas
978 3204 1148 3290 venisset,
1165 3232 1260 3279 eam-

195 3346 267 3421 que
289 3318 502 3391 admoneret
526 3333 569 3387 ut
587 3315 633 3387 ab
658 3314 724 3387 hae
745 3316 895 3390 stultitia
915 3346 951 3392 se
969 3331 1149 3393 co'e'reeret
1161 3348 1172 3407 ς
1200 3319 1258 3393 illa

197 3434 414 3510 inflammata
425 3431 631 3533 respondit:
644 3434 829 3533 rllajorem
836 3462 1024 3507 narrzeram
1033 3438 1186 3509 rnilitum
1194 3436 1260 3509 ad·

195 3546 1259 3650 ducamdeeaeremqaamaddasiadhaeeahlusait:Crede

195 3666 317 3767 milti„
340 3668 415 3741 m'si
433 3664 482 3741 ab
500 3664 572 3739 liae
587 3663 814 3767 improbitate
828 3668 1038 3768 resipueris,
1057 3665 1157 3766 quod
1171 3666 1259 3739 nol·

202 3768 235 3798 '³'
284 3776 287 3781 ’
356 3808 360 3814 ·
386 3782 396 3801 ⁰
440 3780 546 3887 ‘laod
562 3798 600 3855 et
617 3782 665 3853 ita
682 3782 847 3883 contigit.
863 3782 956 3855 Nam
973 3781 1011 3855 in
1028 3782 1258 3885 subsequenti

472 3894 561 3971 110οι
583 3898 730 3987 invasit,
755 3914 792 3972 et
814 3899 959 3973 fortiter
981 3926 1109 3976 vexare
1129 3901 1254 3999 caepit.

484 4012 530 4089 de
551 4040 624 4089 sese
642 4017 748 4117 jussit
762 4016 896 4089 efferri.
916 4015 1006 4111 Quae
1026 4016 1114 4091 dum
1133 4018 1258 4118 fugere

505 4126 650 4207 Ebrulfi
668 4134 795 4208 territa
810 4131 1021 4225 festinaret,
1037 4149 1074 4208 et
1095 4151 1178 4209 aute
1193 4134 1258 4208 do-
