2926 4980
293 462 351 520 ros
566 454 750 516 000000
772 454 1073 518 0000010000.
1155 461 1363 543 [00000001

284 579 440 679 judicis.
471 576 533 647 His
555 574 660 648 dictis
686 600 793 648 senex
814 591 963 674 repente
985 572 1180 675 disparuit,
1205 593 1361 683 etargnr

293 719 377 767 mox
391 692 540 765 Uticum
560 692 681 780 misit,
701 707 739 765 et
758 690 803 763 ab
819 692 1062 791 ejusdem-loci
1083 692 1258 769 fratribus
1273 698 1362 797 risi-

293 811 361 882 tari
380 808 532 908 rogarit.
555 806 611 879 llli
632 822 752 882 antem
771 805 969 883 Falconem
986 810 1030 884 de
1046 812 1282 886 Warlenvilla
1300 815 1360 915 po)

295 926 370 1000 cito
401 927 579 998 miserunt
610 923 877 999 Gorbaevillam.
914 924 968 997 lbi
1001 952 1156 1028 namque
1188 928 1361 1028 praefatus

228 1102 231 1107 ,
294 1043 397 1117 miles
413 1067 494 1114 cum
512 1041 647 1116 Geroio
661 1041 818 1141 ejusdem
835 1043 958 1142 oppidi
976 1042 1146 1133 domino,
1165 1049 1363 1147 00100000·-

294 1161 451 1260 pinquus
470 1173 507 1232 et
523 1159 658 1231 amicus
673 1170 769 1250 erat,
788 1157 1002 1235 exulationis
1022 1185 1096 1233 suae
1114 1177 1281 1260 tempore
1295 1172 1362 1264 pr

294 1274 493 1348 trienninm
509 1287 674 1347 moratus
695 1270 834 1363 fuerat,
856 1288 893 1347 et
911 1274 995 1347 inde
1015 1300 1081 1373 per
1097 1273 1360 1377 corbonienses

294 1407 332 1465 et
344 1390 539 1463 Drocenses
551 1404 657 1490 atque
667 1389 849 1479 Morinos,
861 1389 1022 1491 aliosque
1032 1417 1123 1493 quos
1137 1393 1174 1465 in
1186 1394 1358 1489 auriliana

294 1509 348 1581 sui
367 1506 539 1582 advocare
553 1521 739 1607 potuerat,
760 1508 931 1607 injuriam
946 1507 1163 1608 expulsionis
1179 1534 1255 1584 suae
1268 1508 1357 1584 forti

294 1652 409 1702 werra
438 1625 691 1699 vindicaverat.
721 1624 812 1697 11100
845 1623 1005 1699 Fulcone
1030 1625 1220 1699 confestim
1248 1625 1361 1703 adto-

294 1743 418 1816 niente
444 1768 538 1843 aeger
560 1740 662 1815 valde
685 1740 823 1842 gavisus
847 1758 919 1829 est,
945 1756 982 1813 et
1006 1741 1227 1815 manifestata
1254 1766 1367 1817 reth

295 1858 428 1931 latione
450 1883 558 1958 quam
577 1857 693 1957 pridie
720 1855 877 1946 viderat,
903 1856 1105 1956 saeculoque
1127 1856 1255 1931 relicto
1274 1882 1358 1959 cum

293 1971 445 2074 benigna
459 1973 650 2049 devotione
662 1972 772 2045 animi
782 1971 979 2047 monachus
988 1972 1133 2046 effectus
1142 1987 1207 2046 est.
1219 1964 1358 2049 Deinde

294 2106 435 2190 peccata
453 2117 514 2164 sua
534 2092 659 2190 lugens
682 2106 720 2164 et
737 2091 773 2164 in
787 2090 866 2167 Deo
879 2089 1174 2192 gaudenseodem
1188 2091 1246 2164 die
1259 2114 1358 2164 mor·

294 2224 377 2281 tuus
391 2223 464 2300 est,
479 2224 517 2282 et
529 2233 658 2307 corpus
672 2211 745 2306 ejus
757 2207 906 2309 Uticam
917 2207 1074 2281 delatum
1086 2222 1160 2296 est,
1175 2206 1298 2308 ibique
1316 2209 1358 2282 in

293 2326 449 2402 claustro
474 2325 735 2402 monachorum
752 2351 770 2396 a
787 2323 923 2398 domno
940 2322 1066 2398 abbate
1085 2323 1259 2413 osberto,
1274 2338 1316 2403 ct
1335 2344 1374 2431 a·

291 2460 474 2520 conventu
491 2446 527 2516 S.
547 2442 690 2517 Ebrutfi
708 2442 907 2519 honorifice
923 2445 1102 2542 sepultum
1118 2456 1183 2531 est„
1313 2514 1317 2521 .

340 2559 521 2634 Defuncto
539 2561 659 2659 itaque
676 2559 854 2652 Ernaldo,
874 2573 949 2633 tota
966 2559 1231 2633 Garoianorum
1248 2558 1363 2663 npbi-.

292 2678 371 2750 litas
387 2702 479 2776 pene
495 2677 652 2765 corruit,
668 2702 734 2750 nec
748 2677 842 2749 ullus
857 2692 1086 2776 posterorum
1097 2691 1246 2750 stemma
1259 2679 1357 2778 prio-

293 2819 375 2865 rum
393 2819 435 2865 ex
454 2794 595 2892 integro
610 2817 723 2893 usque
738 2791 845 2867 bodie
861 2791 1006 2893 adipisci
1022 2793 1155 2891 potuit.
1179 2794 1246 2866 Hic
1265 2794 1357 2867 Em·-

293 2935 402 2997 mam‚
419 2910 581 2983 Turstini
594 2924 837 3010 cognomento
846 2909 981 2984 Haldue
993 2912 1050 3009 (a)
1064 2909 1188 3000 filiam,
1205 2896 1355 2995 uxorem

293 3025 463 3112 duxerat,
484 3051 528 3098 ex
543 3050 613 3125 qna
633 3022 868 3097 Willermum
889 3024 1153 3101 etRainaldum
1171 3045 1212 3103 'nc
1228 3028 1356 3101 Petro-

294 3138 416 3212 nillam
432 3153 540 3240 atque
553 3137 705 3225 Geram,
722 3139 882 3239 aliosque
897 3138 990 3213 filios
1008 3155 1044 3213 et
1061 3138 1149 3211 filias
1167 3138 1351 3215 habuerat.

295 3256 364 3349 Qui
391 3271 514 3354 patre,
538 3256 624 3329 dum
645 3255 759 3329 adhuc
775 3256 879 3329 viridi
899 3259 1047 3356 juventa
1065 3258 1219 3331 maxime
1242 3257 1355 3332 flore·
1429 3322 1432 3327 .

293 3388 367 3458 ret,
388 3372 424 3443 in
443 3373 573 3445 teneris
590 3374 693 3445 annis
708 3373 893 3460 destituti,
912 3374 1002 3445 etin
1019 3373 1173 3445 externis
1188 3372 1354 3447 domibus

292 3490 349 3585 (ut
362 3514 466 3587 supra
481 3489 563 3562 satis
577 3488 810 3586 ostendimus)
825 3489 1034 3576 constituti,
1049 3491 1161 3561 coacti
1177 3505 1260 3561 sunt
1276 3490 1354 3562 ino-

291 3603 383 3700 pias,
403 3602 593 3704 pluresque
612 3603 757 3703 injurias
773 3602 818 3675 ab
837 3602 986 3709 infantia
1005 3604 1156 3702 perpeti.
1178 3603 1294 3675 Mater
1310 3602 1354 3676 nd

291 3718 481 3794 Eudonem
515 3721 665 3795 fratrem
695 3747 798 3793 suum
827 3720 1061 3794 Normannici
1089 3719 1188 3792 (lucis
1214 3717 1353 3819 dapife-
1409 3763 1414 3771 =

325 4041 335 4105 (
341 4040 364 4107 r)
382 4036 520 4111 Foulques
533 4037 568 4093 de
580 4038 792 4109 Guunauvilic,
808 4043 907 4094 canton
917 4037 952 4093 de
964 4038 1086 4094 Breteuil
1098 4035 1215 4108 (Eure).

325 4126 365 4194 (a)
384 4125 517 4182 'fouatain
529 4126 651 4193 Hatduc,
665 4128 811 4184 fondateur
823 4127 858 4182 de
871 4129 959 4183 Lesaai
972 4127 1177 4199 (Bruanium),
1191 4143 1226 4179 au
1243 4123 1351 4179 diociae

290 4214 327 4268 de
340 4216 507 4284 Cantantes,
522 4234 556 4272 en
575 4215 650 4275 1056.
