2910 4980
202 532 310 610 [torn
562 530 881 609 tteenouiurus.
1202 537 1262 598 sss

204 655 298 752 cipe,
303 651 500 754 poenitenti
510 651 712 752 benigniter
717 679 845 754 parce.
857 653 928 725 Pro
939 651 1021 725 filiis
1029 667 1065 725 et
1073 652 1261 746 fratribus,

205 769 436 869 cognatisque
454 770 543 859 suis,
566 771 628 869 qui
648 795 731 842 cum
748 768 934 843 Rodberto
951 769 1164 859 exulabant,
1184 787 1264 843 tur-

203 882 279 957 bati
296 887 485 984 optimates
505 886 656 960 sollicite
672 912 793 986 regem
816 885 1105 987 interpellabant.
1125 886 1263 982 Quibus

203 1002 265 1076 ille
276 1003 462 1101 respondit
480 1008 496 1074 ε’
505 1005 622 1077 Miror
632 1004 733 1104 quod
745 1020 929 1105 tantopere
938 1030 1009 1106 pro
1017 1005 1162 1105 perfido
1175 1031 1265 1104 sup-

196 1119 352 1221 plicatis
374 1120 536 1209 bomine,
554 1122 620 1221 qui
638 1123 742 1214 nefas
765 1121 971 1194 inauditam
991 1121 1029 1191 in
1053 1146 1163 1219 regno
1185 1146 1265 1192 meo

200 1261 317 1309 ausus
349 1253 402 1309 est
429 1240 597 1339 incipere.
632 1236 826 1309 Intestinos
855 1236 1025 1308 tumultus
1056 1252 1183 1307 contra
1209 1261 1266 1306 me

203 1354 394 1428 commovit
404 1386 422 1439 ;
451 1358 581 1427 tirones
607 1379 700 1425 meos
710 1409 724 1442 ,
757 1379 847 1453 quos
878 1354 957 1426 alui
986 1370 1020 1425 et
1049 1351 1264 1425 militaribus

200 1471 316 1543 armis
349 1468 536 1559 decoravi,
574 1469 743 1557 abduxit.
777 1470 975 1570 Hugonem
1006 1468 1054 1542 de
1087 1470 1265 1543 Castalio-

199 1585 310 1660 Novo
333 1587 409 1685 (1),
436 1586 600 1685 aliosque
612 1588 824 1682 forinsecos
843 1587 964 1661 >hostes
991 1585 1151 1685 undique
1176 1585 1267 1658 milii

194 1707 417 1802 procuravit.
446 1702 539 1801 Quis
563 1728 611 1772 ec
634 1701 919 1775 antecessoribus
943 1704 1032 1776 neeis
1054 1707 1081 1776 α’
1107 1718 1265 1804 tempore

196 1819 363 1893 Rollortis
386 1819 494 1891 talem
508 1844 677 1920 pugnam
700 1844 725 1890 a
746 1817 869 1891 sobole
890 1845 960 1892 saa
976 1846 1169 1919 perpessus
1190 1834 1262 1905 est,

199 1953 240 2009 ut
263 1935 356 2033 ego?
381 1935 616 2008 Guillelmam
635 1937 764 2035 magni
782 1935 950 2008 Rollenis
966 1936 1111 2035 filium,
1134 1951 1168 2006 et
1194 1951 1263 2006 tres

197 2051 382 2125 Ricardos
405 2050 516 2125 duces
535 2052 792 2140 Normannice,
816 2051 1074 2150 dominumque
1094 2075 1213 2122 nzeum
1230 2065 1264 2119 et

194 2184 340 2270 patrem
354 2167 573 2240 Radbertum
590 2166 837 2254 considerate,
857 2185 891 2239 et
910 2167 1030 2238 videte
1045 2192 1156 2266 quam
1163 2164 1263 2266 fide·
1374 2219 1378 2228 .

198 2285 283 2357 liter
284 2285 365 2385 filii
374 2285 544 2387 patribus
560 2289 637 2358 suis
654 2311 766 2385 iisque
782 2285 836 2356 ad
851 2299 999 2357 mortem
1013 2285 1174 2356 serviere.
1190 2282 1265 2355 Iste

198 2400 376 2474 ducatum
408 2402 591 2475 Naustn'oe
623 2417 656 2473 et
688 2402 896 2473 comitatum
931 2401 1263 2472 Cenomannensem

196 2516 292 2589 milii
311 2515 455 2617 auferre
475 2519 619 2618 sategit.
650 2517 782 2589 Gallos
803 2533 838 2588 et
854 2516 1154 2613 Andegavenses,
1178 2541 1261 2587 cam

197 2634 399 2732 Aquitanis
417 2651 451 2706 et
471 2636 665 2707 innumeris
680 2632 782 2718 aliis,
808 2635 847 2704 in
863 2658 920 2704 me
936 2632 1141 2704 terribiliter
1155 2635 1261 2703 ecci-

197 2748 259 2822 vit.
283 2747 397 2821 Omne
413 2777 529 2849 genus
550 2747 769 2837 hamanum,
788 2750 823 2820 si
839 2757 1033 2847 potuisset,
1059 2761 1185 2820 contra
1205 2772 1261 2817 me

196 2868 460 2955 commovisset,
481 2884 515 2938 et
532 2893 588 2939 me
606 2866 791 2941 vobiscum
804 2865 1035 2938 trucidasset.
1050 2863 1260 2937 Secundum

195 2980 359 3057 divinam
376 2985 490 3083 legem
501 3011 573 3085 per
588 2986 743 3083 Moysen
761 2984 888 3056 datam
904 2984 1028 3056 mortis
1043 3009 1125 3056 reus
1140 2998 1209 3070 est,
1226 2997 1260 3054 et

196 3115 300 3175 reatu
317 3102 447 3174 similis
461 3105 499 3174 A
501 3101 652 3189 bsalom,
665 3102 757 3203 pari
769 3128 856 3175 nece
871 3099 1102 3172 mulctandus
1118 3116 1182 3171 est.

247 3215 441 3316 Frequenti
467 3216 650 3317 colloquio
677 3215 911 3290 Normannici
943 3240 1108 3313 proceres
1136 3240 1257 3313 regem

195 3331 341 3405 allocuti
366 3350 472 3422 sunt;
500 3333 653 3437 etudulci
671 3334 797 3423 affatu,
816 3331 1053 3433 precibusque
1069 3356 1257 3405 rancorem

197 3451 270 3547 ejus
294 3450 456 3526 emollire
479 3453 597 3525 conati
620 3468 716 3524 sunt.
740 3450 927 3550 Episcopi,
946 3448 1078 3548 aliique
1101 3448 1258 3549 religiosi

198 3564 264 3638 riri
282 3565 412 3639 divinis
424 3566 648 3644 sermonibus
660 3566 830 3639 duritiam
845 3563 974 3638 tumidi
991 3564 1258 3638 cordiscontri·

231 3847 272 3914 (s)
289 3844 485 3902 Chiteauneuf
492 3865 528 3902 en
538 3848 702 3902 Thimereis.
712 3847 806 3920 Voyez
818 3847 967 3915 ci-deesus‚
979 3847 1047 3902 livre
1056 3864 1094 3913 iv,
1109 3864 1137 3919 p.
1149 3844 1209 3920 296.
1219 3846 1259 3901 Ce

199 3948 310 4008 passage
322 3953 392 3991 nous
405 3938 538 3993 confirme
550 3938 618 3993 dans
629 3937 763 4010 l'opinion
774 3957 830 4012 que
842 3937 867 3992 la
879 3936 1003 4012 querelle
1017 3936 1089 3991 avait
1100 3938 1259 3991 commeate

197 4021 211 4073 l
223 4024 319 4098 Laigle
328 4028 343 4079 t
351 4024 494 4083 l’occasion
504 4027 539 4082 de
549 4029 575 4083 la
587 4028 723 4082 mauvaise
732 4026 907 4101 pleicanterie
919 4028 954 4083 de
964 4026 1259 4083 Guillaumeiedloux

194 4122 224 4167 et
241 4114 279 4170 de
297 4116 386 4171 Henri
405 4136 501 4173 envers
519 4120 579 4173 leur
596 4120 669 4175 frere
685 4120 762 4187 atne,
777 4129 805 4173 et
822 4118 889 4192 qu’il
907 4119 977 4172 n'est
995 4119 1080 4191 guere
1092 4116 1211 4190 possible
1224 4116 1259 4170 dc

188 4202 289 4346 ‹ichw
303 4215 347 4260 cet
358 4209 519 4263 eve'nemeut
528 4212 543 4264 'a
552 4226 607 4265 une
619 4219 699 4265 autre
708 4211 815 4282 epoque
831 4225 885 4281 que
898 4205 966 4265 dene
977 4206 1040 4262 l'ite
1056 4223 1093 4261 ou
1109 4205 1259 4263 l’automne

246 4309 322 4366 ¹⁰77·
