2910 4980
191 416 251 474 208
468 410 651 472 atstonlt
673 408 980 473 Ecctttsttstms.

240 530 410 605 Pretiosis
424 529 603 629 lapidibus
620 531 658 602 in
675 555 783 605 muro
799 530 956 607 coelestis
969 530 1167 605 Jerusalem
1182 531 1264 607 leli-

192 651 283 724 citer
308 649 511 736 collocatis,
530 647 752 749 triticeisque
777 649 897 748 granis
923 649 963 720 in
987 647 1162 748 apotheca
1186 656 1263 725 veri

191 764 323 866 loseph
350 763 774 864 diligenterreconditis,
799 764 915 838 silices
940 766 979 838 in
997 766 1124 866 plateis
1140 781 1263 841 stratae

193 900 299 973 sunt,
318 897 356 959 et
375 882 485 981 paleae
504 882 542 956 in
563 880 832 982 sterquilinium
853 885 1045 981 projectae,
1067 900 1105 956 et
1125 884 1265 958 irreve-

192 1017 316 1077 renter
334 1026 354 1072 a
375 997 679 1099 praetereuntibus
700 999 921 1074 conculcatae
939 1016 1037 1073 sunt.
1059 1001 1118 1074 Sic
1139 1002 1265 1075 omni-

191 1118 351 1220 potentis
361 1117 429 1189 Dei
436 1119 536 1215 justo
546 1131 654 1204 nuta,
669 1130 862 1216 postquam
873 1116 977 1190 electi
990 1116 1034 1190 de
1047 1117 1265 1192 transitoriis

193 1237 238 1311 ad
258 1246 397 1309 aeterna
420 1233 644 1335 migrarunt,
669 1231 758 1306 dum
782 1233 891 1323 Daci,
919 1249 959 1307 ut
977 1236 1053 1333 jam
1071 1234 1264 1335 descripsi·

193 1379 293 1440 mus,
322 1351 448 1425 divino
464 1365 501 1424 et
520 1348 680 1423 humano
709 1363 810 1427 metu
828 1364 989 1423 carentes
1008 1376 1074 1450 per
1095 1349 1265 1451 Angliam

193 1472 256 1544 din
267 1464 476 1542 debacchati
487 1483 588 1557 sunt,
602 1465 806 1541 innumerae
820 1468 947 1547 contra
959 1466 1024 1540 Ilei
1043 1467 1157 1568 legem
1172 1490 1265 1566 prae·

194 1589 428 1662 varicationes
453 1599 587 1658 temere
609 1599 760 1683 patratae
781 1599 880 1657 sunt.
910 1585 1072 1657 Humana
1096 1583 1265 1658 exercitia

195 1706 292 1805 (quae
308 1727 449 1800 semper
463 1699 506 1772 ad
522 1699 620 1773 nefas
635 1725 750 1801 prona
763 1702 889 1798 sunt),
908 1698 1099 1774 subtractis
1116 1700 1266 1776 rectori·

193 1819 262 1893 bus
278 1844 361 1891 curn
375 1817 472 1917 virga
489 1815 708 1916 disciplinae,
730 1842 795 1916 per
814 1815 980 1891 infandos
992 1835 1099 1890 actus
1120 1815 1265 1892 abomi-

193 1936 328 2009 nabilia
344 1933 436 2007 lacta
454 1944 552 2006 sun't.
576 1933 829 2031 Hujuscemodi
845 1933 1035 2009 dissolutio
1057 1934 1209 2011 clericos
1227 1950 1266 2010 et

194 2052 302 2126 la'r'cos
319 2051 555 2139 relaxaverat,
573 2064 612 2123 et
626 2066 824 2150 utrumque
839 2077 963 2124 sexum
976 2051 1020 2125 ad
1033 2077 1183 2126 omnem
1197 2051 1267 2125 las-

194 2171 323 2243 civiam
344 2167 591 2242 inclinaverat.
619 2166 850 2241 Abundantia
872 2166 943 2241 cibi
965 2183 1003 2242 et
1022 2185 1131 2270 potus
1156 2169 1266 2244 luxa*

193 2289 284 2362 riem
300 2283 504 2372 nutriebat,
524 2286 648 2360 levitas
663 2300 700 2360 et
716 2285 886 2360 mollities
900 2287 1017 2388 gentis
1035 2289 1073 2361 in
1085 2286 1267 2390 flagitium

194 2428 411 2505 quemquam
436 2401 541 2475 facile
565 2400 786 2501 impellebat.
817 2402 1015 2478 Maeotis
1039 2404 1267 2480 monasteriis

192 2521 390 2595 monastica
415 2518 542 2618 religio
570 2517 755 2592 debilitata
783 2537 855 2612 est,
882 2535 921 2615 et
943 2522 1138 2596 canonicus
1165 2522 1267 2622 rigor

193 2663 306 2737 usque
326 2633 371 2708 ad
391 2635 686 2709 Normunnorum
711 2650 875 2737 tempora
892 2654 1076 2737 reparatus
1096 2665 1174 2713 non
1197 2654 1264 2715 cst.

191 2758 260 2829 Per
286 2754 437 2855 longum
463 2753 584 2854 itaque
615 2770 716 2828 retro
750 2771 891 2855 tempus
919 2756 1267 2832 Transmarinorum

193 2866 427 2943 monachatus
448 2867 646 2958 deciderat,
673 2885 710 2943 et
731 2896 859 2970 parum
882 2899 901 2944 a
920 2872 1156 2948 saecularitate
1177 2898 1267 2949 eon·

193 2988 348 3062 versatio
368 2983 630 3059 monachorum
649 2987 850 3062 differebat.
876 2989 1012 3063 Habitu
1029 2988 1203 3066 fallebant
1226 3017 1268 3065 ac

191 3104 424 3207 professionis
441 3103 637 3192 vocabulo,
654 3103 764 3178 dediti
781 3133 918 3207 ganeae,
934 3108 1083 3208 peculiis
1101 3109 1267 3184 innume·

192 3227 256 3312 ris,
272 3222 452 3323 foedisque
463 3222 833 3323 praevaricationibus.
848 3226 916 3297 llic
928 3226 1048 3326 itaque
1059 3225 1152 3301 ordo
1163 3224 1268 3300 Guil-

194 3341 291 3416 lelmi
309 3340 401 3439 regis
423 3339 598 3411 instinctu
618 3337 662 3412 ad
684 3339 847 3412 instituta
866 3341 1043 3441 regularia
1059 3341 1267 3443 corrigeba-

195 3476 268 3549 tur,
298 3485 339 3531 ac
366 3458 410 3530 ad
436 3456 713 3531 consuetudines
737 3455 917 3531 beatificas
944 3460 1140 3558 perductus
1164 3460 1267 3536 valdc

192 3572 453 3648 honorabatur.
468 3571 654 3672 Aliquanti
668 3570 813 3646 abbates
824 3601 843 3645 a
854 3601 937 3675 rege
950 3576 1093 3648 noviter
1105 3575 1265 3649 ordinati

192 3707 294 3777 sunt,
315 3704 351 3762 et
367 3687 570 3787 complures
592 3686 790 3762 caenobitae
813 3691 851 3763 in
872 3692 1098 3765 monasteriis
1119 3691 1266 3766 Gallicis

194 3819 442 3904 competenter
456 3802 573 3874 edocti
590 3820 688 3875 sunt.
710 3803 780 3896 Qui
797 3805 896 3905 regio
909 3808 1010 3904 jussu
1026 3806 1151 3907 Anglis
1167 3833 1266 3907 prae·

194 4104 297 4174 abbaye
315 4120 350 4156 en
364 4119 430 4175 7⁰9³
442 4098 568 4155 Aldelme
581 4117 618 4153 ou
630 4099 791 4168 Aldhelme‚
807 4100 923 4159 d’abord
940 4103 1023 4172 abbe,
1038 4105 1081 4160 lut
1093 4105 1200 4182 evaque
1216 4106 1266 4164 det

195 4194 297 4247 Saxone
309 4189 492 4243 occidentaux
503 4205 564 4243 vers
576 4186 601 4241 la
614 4188 705 4245 meme
717 4192 835 4267 epoque.
