2910 4980
190 429 246 489 188
462 424 646 486 HISTORIA
668 422 972 485 ECCLESIASTICA.
1150 426 1255 503 [1069]

237 546 371 618 Marius
380 540 1255 643 Suenus(1),GaiusPotricius(a),Edgarusrldeli·

191 690 273 751 nus,
288 661 468 736 Archillus
485 679 521 736 et
532 678 689 762 quatuor
703 661 767 734 filii
781 661 926 749 llaroli,
943 659 1076 760 aliique
1091 675 1255 759 potentes

191 795 227 853 et
242 778 381 852 factiosi
398 793 664 868 convenerunt,
680 792 717 851 et
730 778 1054 852 consociatamanu
1069 776 1206 851 civium
1216 800 1255 849 ac

169 875 174 883 ¹
190 894 449 980 finitimorum,
462 894 704 969 munitionem
715 895 805 994 regis
819 895 857 967 in
866 890 1033 968 Eboraco
1043 893 1255 993 impugnare

191 1013 264 1085 ausi
277 1012 586 1086 sunt.Willelmus
600 1027 844 1113 cognomento
853 1011 1020 1098 Maletus‚
1029 1037 1164 1110 praeses
1176 1010 1256 1085 Cas·

193 1129 322 1201 trensis
339 1130 414 1229 regi
427 1126 658 1203 denunciavit
674 1156 710 1203 se
725 1129 972 1218 defecturum,
991 1128 1061 1201 nisi
1074 1143 1255 1201 maturum

119 1232 121 1237 ’
191 1245 290 1319 sessis
307 1244 469 1319 conserat
489 1245 675 1318 auxilium.
696 1247 770 1319 Rex
787 1246 887 1321 ocius
910 1245 1073 1337 advenit,
1101 1244 1140 1318 in
1159 1242 1256 1317 obsi-

193 1361 317 1435 dentes
333 1363 425 1451 ruit,
452 1388 519 1435 nec
538 1363 603 1434 ulli
625 1363 797 1462 pepercit.
821 1363 928 1436 Multi
954 1363 1047 1462 capti
1059 1416 1070 1451 ,
1094 1360 1256 1461 plerique

194 1479 396 1568 interfecti,
417 1481 536 1554 eaeteri
554 1462 640 1552 sunt
654 1481 779 1580 fugati.
796 1482 873 1554 Rex
889 1495 1007 1553 autem
1024 1477 1098 1553 dies
1114 1493 1200 1553 octo
1220 1478 1256 1550 in

193 1594 284 1669 urbe
300 1622 445 1669 morans
461 1596 612 1670 alterum
629 1597 837 1696 praesidium
853 1595 1034 1685 condidit,
1055 1610 1092 1669 et
1104 1594 1257 1668 Guillel·

193 1740 296 1786 mum
317 1715 486 1789 comitem
504 1715 657 1789 Osberni
681 1714 798 1787 filium
813 1716 857 1787 ad
880 1710 1156 1788 custodiendum
1171 1708 1257 1785 neli-

193 1830 287 1928 quit.
304 1832 382 1929 lpse
395 1856 481 1904 vero
498 1830 601 1903 laetus
614 1829 795 1905 Guentam
811 1831 939 1917 rediit,
958 1845 994 1904 et
1009 1827 1176 1901 Pascbale
1187 1826 1259 1901 fes-

194 1962 272 2018 tum
290 1944 341 2019 ibi
356 1946 561 2021 celebravit.
581 1950 717 2021 Rursus
734 1949 841 2050 Angli
863 1963 946 2048 post
963 1948 1054 2048 regis
1069 1945 1257 2018 discessum

195 2077 321 2135 contra
351 2079 547 2167 utrumque
583 2064 791 2165 praesidium
822 2064 1027 2164 congregati
1062 2077 1173 2149 sunt;
1203 2057 1261 2135 sed

196 2176 391 2252 Guillelmo
411 2181 543 2254 comite
565 2206 646 2253 cum
670 2181 742 2253 suis
766 2179 919 2252 viriliter
942 2180 979 2250 in
1001 2175 1155 2280 quadam
1174 2173 1261 2249 mlle

195 2292 407 2383 dimicante,
437 2323 510 2370 non
537 2297 828 2396 praevaluerunt;
859 2294 920 2369 sed
943 2293 1108 2398 pluribus
1136 2316 1261 2368 eorum

195 2414 306 2509 captis
322 2437 385 2485 seu
402 2412 607 2502 trucidatis,
625 2413 683 2485 alii
704 2413 786 2513 fuga
805 2427 962 2488 mortem
979 2409 1215 2484 distulerunt.

245 2525 385 2598 Bellicis
397 2525 604 2600 turbinibus
615 2526 777 2630 undique
792 2524 1060 2628 insurgentibus
1069 2522 1262 2599 admodum

196 2657 400 2740 occupatus,
417 2647 604 2744 conjugem
620 2642 687 2716 sibi
702 2645 857 2717 multum
873 2642 1040 2717 dilectam
1053 2640 1263 2716 Matbildem

196 2759 333 2830 remisit
349 2761 385 2832 in
399 2760 662 2835 Normanniam
676 2787 739 2834 rex
752 2759 964 2834 Guillelmus
972 2814 983 2849 ,
999 2775 1042 2831 ut
1053 2756 1098 2830 ah
1111 2757 1264 2858 Anglioo

198 2876 356 2948 tumultu
373 2878 522 2976 seposita
538 2877 576 2950 in
589 2904 676 2977 pace
689 2878 862 2977 religiosis
875 2876 1013 2951 actibus
1026 2889 1171 2949 vacaret
1179 2928 1193 2964 ,
1211 2876 1262 2947 in·

197 2991 447 3094 columemque
470 2996 668 3093 provinciae
689 3011 823 3068 statum
841 3021 923 3068 cum
942 2991 1129 3069 Rodberto
1150 3014 1264 3090 puero

197 3126 366 3184 servaret.
382 3112 467 3184 llaec
485 3115 747 3211 consanguinea
764 3111 919 3213 Philippi
935 3112 1160 3185 Francorum
1175 3108 1265 3209 regis

197 3243 288 3317 crat,
306 3244 343 3303 et
357 3256 401 3304 ex
417 3229 561 3332 regibus
574 3230 700 3305 Galliae
713 3257 753 3303 ac
767 3227 1045 3330 imperatoribus
1061 3226 1265 3302 Germanis

196 3344 613 3449 origiuemducebat(3),
625 3349 825 3448 eximiaque
833 3364 905 3420 tam
913 3347 1053 3447 generis
1063 3370 1174 3446 quam
1184 3368 1265 3418 mo·

336 3458 487 3538 bitiute
502 3462 654 3538 cluebat.
672 3465 828 3566 Egregio
847 3464 979 3536 marito
995 3460 1107 3535 edidit
1128 3462 1264 3535 utrius-

408 3594 560 3681 tptatam
571 3579 732 3655 sobolem
749 3611 757 3652 :
774 3579 998 3655 Rodbertum
1011 3594 1047 3652 et
1060 3576 1264 3662 Ricardum,

1180 3796 1261 3809 *-

476 3836 501 3877 3„

748 4022 818 4081 lule
830 4024 945 4083 Crinan.

760 4110 835 4171 hde
847 4112 969 4181 Franco,
983 4129 1057 4167 soeur
1070 4109 1106 4164 dc
1120 4109 1210 4166 llenri
1223 4107 1265 4173 1·‚

772 4200 938 4279 lol’bilippe
947 4202 993 4256 1⁶¹.
