2910 4980
76 413 274 487 [uncino]
449 405 769 479 txsssnoomros.
864 416 867 422 ¹
1080 404 1140 466 455
1204 418 1211 431 ·

80 555 205 615 neum;
218 526 358 599 Simoni
372 540 493 597 autem
504 549 553 596 xx
565 524 711 609 solidos,
722 540 758 596 et
769 525 872 595 uxori
887 527 975 620 ejus,
986 523 1030 596 de
1041 527 1142 622 cujus

81 644 285 717 haereditate
302 657 401 727 erat,
423 657 494 714 tres
511 641 656 714 solidos.

129 759 310 832 Baidrieus
325 757 456 845 Rufus,
474 757 518 831 de
532 758 794 849 Monte-Forti,
808 756 952 858 quando
964 756 1007 830 ad
1019 784 1144 832 mona-

81 876 225 949 chatum
240 876 355 963 venit,
368 873 552 947 monachis
565 875 709 946 Manliae
721 874 916 963 redditum,
928 901 1037 974 quem
1050 875 1144 975 apud

84 993 290 1066 Medontum
305 990 456 1065 habebat
472 1022 480 1061 ε
498 1016 521 1062 x
536 990 700 1065 videlieet
711 990 844 1064 solidos
857 1007 892 1064 et
906 1017 1019 1063 unum
1034 1007 1147 1066 sexta·

85 1111 177 1182 rium
196 1107 276 1179 salis
299 1106 410 1180 dedit.
436 1108 521 1178 Haee
543 1108 574 1179 ei
598 1108 850 1180 Fiscannenses
873 1107 1059 1197 monachi,
1081 1109 1146 1208 qui

84 1225 250 1297 Medanto
268 1239 458 1296 morantur
475 1226 528 1319 (t)
540 1279 550 1311 ‚
573 1227 609 1296 in
629 1224 686 1296 die
707 1223 908 1297 festivitatis
932 1226 969 1295 S.
995 1225 1148 1324 Remigii

84 1343 293 1416 reddebant.
312 1341 416 1415 Dedit
429 1343 536 1414 etiam
552 1341 643 1414 idem
657 1341 839 1413 Baldricns
850 1341 1026 1442 quidquid
1041 1340 1149 1415 habe-

87 1460 149 1532 bat
175 1461 212 1531 in
238 1459 381 1531 eeclesia
407 1475 443 1530 et
470 1460 506 1530 in
533 1458 668 1531 decima
699 1458 743 1529 de
771 1458 973 1531 Jnmelvilla
1003 1460 1080 1556 (a),
1113 1474 1151 1532 et

88 1602 140 1648 xn
158 1576 321 1648 denarios
331 1629 341 1661 ‚
363 1601 453 1673 quos
471 1574 535 1646 fitii
557 1575 686 1673 Burgae
702 1572 835 1647 dabant
849 1577 880 1647 ei
898 1602 967 1674 pro
986 1601 1093 1647 censu
1107 1574 1152 1647 de

85 1691 233 1763 Concita
245 1692 309 1786 (5)
319 1689 420 1763 Uxor
432 1715 518 1761 vero
528 1693 602 1787 ejus
615 1689 691 1763 haee
702 1693 890 1778 concessit,
900 1708 936 1762 et
949 1690 1031 1762 inde
1043 1715 1152 1762 unam

86 1835 227 1878 vaccam
254 1807 391 1878 habuit.
421 1805 631 1880 Goissredus
654 1834 799 1907 qnoque
827 1807 921 1879 filius
946 1810 1021 1905 ejus
1045 1836 1152 1908 supra

87 1938 299 1996 memoratas
324 1949 379 1993 res
406 1919 591 1993 monachis
619 1923 772 2009 annuit,
801 1938 837 1996 et
865 1921 914 1994 ob
944 1921 1012 1995 hoc
1039 1949 1153 1995 unum

86 2068 218 2139 equum
245 2067 312 2139 pro
336 2065 381 2112 tx
406 2039 548 2126 solidis,
576 2058 611 2112 et
636 2065 685 2111 xx
714 2040 846 2114 solidos
865 2040 910 2112 ab
928 2042 979 2113 eis
1001 2043 1150 2140 recepit.

89 2157 174 2231 inde
190 2158 284 2230 firmi
304 2174 408 2231 testes
423 2158 573 2230 fuerunt
589 2158 790 2245 Ansoldus,
809 2158 955 2231 Manliae
967 2139 1150 2246 dominus,

86 2291 123 2346 et
143 2277 267 2348 Petrus
285 2274 379 2346 filius
396 2278 483 2372 ejus,
503 2272 710 2348 Goisiredus
729 2275 823 2347 filius
841 2275 997 2348 Richerii
1017 2291 1053 2347 et
1069 2277 1152 2349 Gri-

88 2390 227 2463 moidus
245 2389 339 2460 lilius
352 2389 513 2474 Almam,
530 2390 729 2462 Amalricus
744 2391 889 2465 Floenel
904 2406 940 2463 et
953 2390 1058 2461 multi
1076 2391 1150 2464 alii.

87 2509 233 2577 Mortuo
252 2522 371 2576 autem
389 2506 575 2592 Baldrieo,
601 2507 696 2578 filius
715 2511 789 2604 ejus
808 2509 929 2579 omnia
953 2507 1152 2605 supradicta

88 2623 246 2720 negarim
269 2622 363 2694 unde
381 2647 430 2694 xx
446 2622 567 2694 solidis
586 2624 718 2696 iterum
733 2625 765 2696 ei
781 2622 871 2696 datis
889 2625 1052 2697 iteratam
1069 2651 1154 2697 con·

88 2742 282 2811 cessionem
294 2738 435 2836 adjecit.
454 2739 664 2813 Medantum
677 2741 795 2840 itaque
808 2767 892 2812 cum
903 2740 1016 2814 David
1028 2742 1154 2814 Priore

89 2855 267 2950 perrexit,
290 2870 326 2926 et
344 2854 641 2928 Fiscannensibus
665 2854 848 2929 monachis
865 2855 959 2955 apud
977 2857 1014 2928 S.
1036 2856 1154 2947 Geor-

85 2971 184 3067 gium
204 2968 430 3042 morantibus
452 2971 623 3069 praecepit
646 2987 686 3044 ut
704 2999 746 3046 ex
765 2972 824 3044 illa
842 2970 900 3045 die
920 3001 944 3044 x
967 2972 1100 3047 solidos
1117 2990 1154 3047 et

87 3085 281 3157 sextarium
298 3085 396 3174 salis,
413 3113 495 3185 quae
511 3085 674 3159 solebant
693 3088 786 3185 patri
803 3114 868 3161 suo
886 3087 1054 3178 reddere,
1075 3090 1154 3162 sin-

88 3200 180 3298 guiis
204 3203 307 3273 annis
330 3202 522 3276 redderent
544 3203 731 3276 monachis
757 3205 913 3278 Maniiae.
939 3205 1153 3279 Guillelmus

89 3318 215 3402 etiam,
232 3318 326 3388 titius
344 3320 490 3391 Henrioi
506 3320 549 3394 de
564 3318 769 3420 Richehurg
782 3322 854 3420 (4),
871 3320 915 3395 de
931 3326 1030 3421 cujus
1046 3323 1154 3398 feudo

128 3682 167 3747 (ι)
186 3680 238 3733 Cet
255 3677 460 3733 e'tablissement
478 3677 527 3733 des
547 3677 682 3750 religieux
699 3677 734 3731 de
750 3679 868 3751 Fecamp
887 3681 902 3734 ἐι
920 3681 1027 3735 Montes
1045 3681 1113 3735 etait
1129 3680 1156 3736 le

91 3770 203 3842 prieur&
213 3768 249 3823 de
258 3769 491 3843 saint-Georges,
501 3769 586 3842 qu’on
599 3779 695 3823 trouve
705 3768 809 3841 signal&
821 3772 836 3823 t
846 3779 903 3823 tort
912 3769 980 3824 dans
991 3768 1030 3825 les
1040 3769 1157 3844 pouilles

90 3857 131 3910 du
141 3869 196 3909 rvr
209 3855 289 3911 siecle
302 3874 410 3911 comme
422 3866 603 3929 appartenant
615 3860 631 3910 a
644 3856 834 3912 Marmoutier.

128 3959 167 4028 (a)
183 3958 200 4010 J
203 3955 379 4023 umeauville‚
394 3959 409 4010 t
423 3957 522 4011 l'ouest
532 3956 567 4010 de
579 3955 680 4011 Maule.

127 4059 167 4131 (3)
186 4062 222 4115 La
234 4060 353 4128 ennete,
369 4062 456 4116 ferme
469 4079 504 4115 au
516 4061 544 4117 S.
559 4062 596 4118 Ο.
608 4061 644 4116 de
657 4061 760 4127 Marde,
773 4060 855 4115 suria
866 4078 1013 4116 commune
1025 4060 1060 4116 de
1070 4062 1158 4118 Toiri.

127 4166 168 4233 (4)
187 4163 366 4235 Richebourg
377 4183 413 4218 ou
428 4163 720 4235 saun-nichebourg,
734 4164 798 4236 pres
811 4161 940 4218 Houdan.
