2910 4980
359 461 363 470 ·
418 429 536 493 LIBER
557 427 741 506 QUINTUS.
1065 429 1126 490 329

103 552 202 625 Dum
226 546 304 622 haeo
320 549 527 649 agerentur,
554 549 706 622 nuntius
722 547 845 640 venit,
870 536 997 621 dicens
1008 545 1126 620 filium

56 675 133 767 ejus
149 668 188 741 in
200 665 393 741 venatione
409 665 503 738 circa
520 664 705 739 castellum
718 662 837 738 Alerci
851 664 909 763 (1)
923 655 1126 763 praecipitio

56 799 246 859 mortuum
261 807 345 855 cum
359 781 538 882 armigero
554 807 634 857 suo.
650 781 811 855 Licinius
824 807 911 883 ergo
926 780 1125 880 cumomni

57 901 220 976 exercitu
227 924 294 975 suo
304 900 411 972 nimis
421 899 654 974 contristatus
664 913 732 987 est,
746 912 784 972 et
793 899 913 971 virum
924 899 1009 988 Dei,
1018 923 1129 999 quem

59 1018 220 1092 cruciare
237 1030 419 1116 coeperat,
442 1031 536 1090 nutu
551 1016 616 1091 Dei
636 1042 764 1117 rogare
783 1032 925 1090 coactus
943 1032 1009 1091 est.
1028 1018 1130 1089 Tau-

59 1136 525 1235 rinusautem,posu1uam
541 1134 580 1206 in
596 1134 742 1209 ecclesia
758 1135 898 1209 Sanctae
911 1134 1035 1207 Mariae
1046 1158 1131 1232 pro·

60 1267 193 1325 stratus
208 1252 346 1338 oravit,
369 1276 453 1324 cum
468 1249 607 1350 populo
629 1249 674 1323 ad
696 1275 850 1349 corpora
872 1249 1130 1324 defunctorum

60 1371 238 1471 perrexit.
247 1367 300 1443 lbi
311 1369 439 1442 devote
446 1371 522 1442 Deo
532 1367 758 1468 supplicavit,
769 1367 954 1468 finitisque
962 1364 1130 1467 precibus

61 1513 212 1561 manum
230 1487 362 1561 Marini
379 1488 522 1586 juvenis
540 1486 750 1561 consobrini
774 1487 827 1559 sui
846 1487 904 1586 (a)
923 1483 1131 1586 apprehen-

62 1604 137 1693 dit,
161 1629 316 1704 eumque
336 1605 375 1678 in
395 1606 544 1680 nomine
556 1603 704 1678 Domini
720 1631 740 1676 a
755 1619 874 1679 morte
889 1602 1128 1678 resuscitavit.

65 1719 173 1813 Quod
193 1721 352 1793 Licinius
373 1735 410 1794 et
432 1745 527 1794 uxor
542 1723 617 1820 cjus
640 1736 677 1795 et
700 1746 825 1795 omnes
848 1721 1039 1820 optimates
1056 1723 1132 1819 ejus

64 1837 226 1913 videntes
242 1836 351 1939 gavisi
364 1852 470 1926 sunt,
485 1854 527 1928 et
538 1838 767 1941 procidentes
781 1838 825 1912 ad
837 1838 1000 1938 praesulis
1011 1837 1131 1939 pedes,

65 1981 205 2028 sacrum
229 1953 297 2027 sibi
323 1955 498 2054 baptisma
522 1953 598 2028 dari
626 1957 823 2056 petierunt.
851 1956 1024 2056 Baptizati
1049 1972 1135 2029 sunt

66 2071 188 2170 itaque
204 2070 244 2143 in
260 2069 320 2143 illa
337 2069 395 2145 die
412 2071 512 2146 mille
530 2071 677 2146 ducenti
695 2073 777 2146 viri.

114 2187 255 2263 Deinde
266 2189 409 2274 Marino
421 2189 585 2288 poscenti
599 2215 669 2288 pro
682 2188 861 2290 armigero
873 2214 941 2262 suo
953 2190 1134 2263 Taurinus

67 2305 269 2406 adquievit,
291 2304 335 2378 ad
356 2331 487 2406 corpus
506 2307 674 2394 accessit,
696 2307 810 2380 Deum
830 2306 1033 2398 invocavit,
1049 2306 1135 2377 Pas-

68 2422 226 2498 thasium
243 2422 450 2497 inclamavit
467 2439 504 2498 et
521 2426 559 2496 in
574 2423 710 2498 virtute
726 2423 791 2498 Dei
808 2424 893 2497 vitae
908 2422 1134 2497 restauravit.

67 2539 189 2616 Ambo
205 2538 272 2613 sibi
299 2541 506 2641 superstites
530 2542 620 2614 vivis
640 2541 846 2616 retulerunt
868 2566 952 2642 quae
973 2538 1135 2612 defuncti

66 2658 162 2759 apud
191 2657 325 2733 inferos
353 2658 534 2731 viderunt.
565 2657 767 2732 Paschasius
796 2658 939 2732 Marino
966 2657 1137 2758 praedixit

63 2774 167 2877 qnod
182 2775 220 2848 iu
237 2773 296 2849 die
311 2800 387 2876 quo
404 2774 501 2848 albas
518 2773 715 2875 deponeret
728 2778 780 2874 (3)
797 2791 1002 2849 moreretur
1008 2803 1020 2864 ;
1036 2773 1137 2874 quod

61 2892 112 2968 ita
130 2892 268 2969 factum
285 2908 351 2968 est.
370 2892 462 2966 Nam
473 2892 639 2966 Marinus
655 2893 724 2968 levi
744 2890 846 2967 sebre
863 2906 1051 2992 correptus
1067 2907 1135 2981 est,

58 3025 98 3083 ct
116 3023 245 3082 oetam
266 3007 324 3083 die
344 3007 569 3109 baptismatis
588 3025 756 3083 mortuus
775 3024 840 3084 est.

109 3127 180 3200 His
197 3125 346 3228 aliisque
366 3126 490 3199 multis
508 3128 691 3201 miraculis
714 3127 914 3220 Taurinos,
933 3125 1138 3201 Ebroarum

50 3244 207 3341 primun
225 3241 404 3342 pontifex,
423 3243 571 3330 claruit,
584 3259 621 3318 et
637 3243 749 3317 multa
766 3242 879 3316 millia
893 3241 1140 3316 hominumad

45 3360 313 3462 cognitionem
339 3361 499 3433 veritatis
522 3376 560 3434 et
580 3361 732 3460 justitia,²
749 3359 933 3459 perduxit.
952 3359 1137 3460 Denique,

91 3591 106 3662 (
110 3589 142 3661 ι)
158 3587 238 3644 Nous
256 3603 375 3661 pensons
387 3606 443 3662 qne
460 3607 492 3644 ce
504 3605 570 3644 nom
588 3607 624 3644 ne
636 3600 705 3663 peut
716 3589 848 3661 designer
858 3606 914 3664 que
925 3606 958 3643 cc
972 3586 1064 3643 meme
1078 3604 1138 3642 em-

34 3680 225 3747 ptaoemm
234 3675 270 3730 de
281 3674 475 3733 Mediolanum
489 3678 688 3746 Aulercorum,
704 3678 775 3735 dont
791 3697 862 3734 noue
872 3695 975 3733 venons
989 3677 1025 3734 de
1038 3676 1138 3753 parier,

35 3764 205 3825 essuries
216 3765 312 3821 ruines
322 3765 437 3841 dnquel,
451 3785 487 3822 au
496 3755 701 3839 Vieil-Evreux,
712 3770 750 3824 Μ.
761 3768 876 3825 Revera
886 3767 1041 3824 uonvcdes
1052 3778 1141 3823 traces

32 3851 281 3915 incontestables
290 3854 325 3911 de
334 3854 492 3912 l’existen'ce
501 3851 568 3912 d’un
578 3858 695 3914 chateau
705 3859 745 3915 du
757 3877 858 3934 moyen
871 3860 931 3932 dge.

93 3946 141 4016 (α)
159 3942 248 3998 Notre
261 3952 361 3999 auteur
372 3943 491 4000 aoubiie
505 3945 541 4000 de
553 3948 703 4002 transcrire
713 3946 739 4002 ie
752 3965 866 4022 passage
875 3946 911 4003 de
923 3945 950 4001 la
960 3944 1080 4019 legende
1087 3947 1145 4019 pri·

32 4034 165 4091 xnirive
184 4030 254 4088 dans
271 4032 364 4107 lequel
379 4029 522 4102 Licinius,
545 4037 698 4108 procedant
717 4040 732 4092 a
754 4037 987 4111 l’interrogatoire
1008 4035 1048 4090 dn
1069 4036 1141 4091 saint

34 4122 172 4189 molat,
188 4122 331 4178 reconnait
344 4140 380 4177 en
392 4123 432 4177 lui
446 4141 495 4179 son
508 4124 598 4182 oncle.

98 4212 143 4286 (3)
161 4211 209 4270 On
224 4213 277 4269 sait
290 4230 345 4287 que
356 4213 396 4268 les
414 4232 557 4272 uouveaux
575 4215 696 4292 baptises
709 4235 745 4272 ne
761 4217 912 4290 quittaient
929 4233 973 4270 ces
992 4215 1143 4271 vetemcnts

34 4295 164 4360 blance
176 4321 232 4376 que
244 4301 270 4360 le
278 4303 414 4361 hnitieme
426 4305 493 4376 jour
501 4308 581 4380 apres
592 4308 653 4364 leur
666 4307 807 4364 initiation
819 4325 854 4362 au
869 4306 1083 4362 christianismo.
