2910 4980
457 426 519 487 220
732 414 916 477 rusaotua
938 414 1241 479 uectusnsncn
1317 422 1447 498 [soar-1

458 535 753 615 archimandritas
779 532 1002 632 hujusmodi,
1028 536 1144 635 qualis
1164 538 1261 611 inter
1281 537 1385 639 lupos
1406 552 1445 613 et

457 660 583 733 dentes
600 656 676 729 sine
692 650 880 725 defensore
900 650 992 725 solet
1013 650 1105 725 fieri.
1127 653 1233 747 Quod
1257 654 1361 729 facile
1377 682 1448 757 pro

460 791 579 876 potest
594 771 639 845 ab
657 769 712 843 his
727 772 789 869 qui
809 768 1054 843 interfuerunt
1071 770 1109 841 iu
1125 772 1300 846 Turstino
1312 772 1451 847 cadom

461 909 497 968 et
523 905 706 967 conventu
729 887 968 961 Giestonicnsi
995 888 1068 985 (r).
1101 888 1194 961 Nam
1221 887 1309 962 dum
1335 916 1404 988 pro
1431 925 1455 952 w

461 1008 568 1083 abbas
581 1004 940 1107 cogererctestonios
953 1020 1114 1093 cantum,
1133 1032 1242 1105 quam
1256 1007 1365 1107 Augii
1384 1008 1447 1079 ad

460 1126 556 1226 pulis
571 1124 665 1199 beati
683 1122 848 1222 Gregorii
871 1146 974 1220 papae
999 1121 1215 1213 didicerant,
1240 1124 1448 1225 relinquere

464 1246 630 1343 ignotum
647 1238 715 1312 sibi
738 1266 806 1313 nec
824 1238 988 1311 eraditum
1005 1256 1108 1317 autea
1129 1255 1274 1313 cantum
1290 1268 1308 1313 a
1325 1240 1440 1313 Fiaud

463 1361 560 1434 sibus
576 1385 638 1433 seu
655 1356 876 1432 Normnunis
895 1355 1070 1442 ediscere,
1094 1372 1174 1431 orta
1194 1372 1247 1431 est
1268 1357 1312 1430 lis
1331 1358 1445 1431 acerri

462 1504 570 1579 quum
595 1502 680 1551 mox
701 1490 821 1547 secuta
845 1490 899 1546 est
923 1474 1011 1545 sacri
1037 1473 1176 1547 culinis
1200 1474 1411 1573 ignominia.
1448 1485 1455 1536 ¹

462 1595 560 1669 enim
591 1589 755 1663 monachi
784 1616 876 1662 nora
905 1588 1047 1664 noiient
1079 1591 1255 1689 suscipere
1281 1592 1445 1665 instituta

463 1707 684 1785 contumacis
701 1707 861 1805 magistri
880 1706 1088 1805 persisteret
1106 1707 1316 1805 pertinacia,
1337 1708 1418 1783 laici
1452 1748 1455 1774 .

463 1850 529 1898 suo
545 1824 725 1922 suffragati
744 1836 847 1908 sunt,
867 1821 1023 1895 ferentes
1040 1823 1188 1922 spicula.
1208 1826 1239 1897 A
1258 1823 1391 1925 quibus
1409 1840 1454 1899 'ex

463 1958 605 2043 sperato
625 1939 886 2015 monachorum
906 1940 1035 2013 concio
1055 1954 1108 2013 cst
1127 1940 1369 2029 circumdata,
1393 1957 1431 2016 et

464 2086 591 2135 eorum
608 2056 802 2131 crudeliter
817 2070 871 2128 est
887 2080 1071 2153 percussa,
1091 2081 1131 2126 ac
1154 2071 1195 2126 ut
1213 2054 1331 2128 fertur
1352 2054 1449 2131 lethu

464 2177 631 2249 sauciata.
651 2172 766 2246 Multa
785 2170 838 2245 his
857 2170 984 2243 similia
1004 2170 1131 2245 referri
1148 2188 1315 2269 possent,
1337 2172 1364 2243 si
1388 2172 1455 2245 lec

463 2293 624 2365 animum
642 2287 834 2363 salubriter
850 2285 1083 2361 aedificarent.
1099 2286 1234 2360 Verum
1252 2290 1335 2388 quia
1354 2288 1432 2361 haec

464 2411 585 2483 minus
598 2407 698 2493 loeta,
713 2405 768 2478 his
780 2405 919 2479 omissis
935 2403 1086 2477 festinus
1100 2405 1223 2475 stilum
1237 2420 1373 2477 vertam
1389 2404 1434 2478 ad

516 2519 919 2623 [1070.]Guitmundus
927 2517 1140 2592 venerabilis
1150 2517 1348 2591 monachus
1358 2545 1441 2593 coen

467 2638 565 2742 quod
578 2665 667 2712 crux
676 2636 985 2711 Heltonisdicitur
998 2638 1053 2734 (a)
1061 2690 1071 2724 ,
1086 2635 1147 2707 ubi
1160 2636 1337 2737 gloriosus
1350 2638 1455 2711 consa

469 2758 602 2831 Christi
630 2754 850 2830 leudfredus
880 2768 1044 2852 tempore
1074 2752 1272 2827 Hildeberti
1303 2769 1340 2827 et
1362 2756 1443 2827 ΗὶΙ

464 2877 654 2975 juniorum
674 2898 802 2971 regum
819 2870 978 2944 Domino
998 2868 1156 2944 feliciter
1175 2895 1287 2943 xtvnr
1311 2872 1414 2943 annis
1447 2909 1453 2936 .

471 3008 560 3064 tasse
573 2989 705 3089 iegitur
718 2990 788 3087 (3),
806 2988 906 3087 regio
918 2989 1018 3085 jussu
1031 2988 1234 3076 accersitus,
1248 3003 1405 3087 pontum
1420 3005 1435 3060 t

471 3107 637 3193 sretauit,
665 3122 703 3179 ct
725 3102 889 3177 oblatum
906 3101 972 3175 sibi
995 3129 1014 3174 a
1032 3128 1114 3203 rege
1137 3117 1174 3176 ct
1194 3104 1407 3200 proceribus

472 3249 564 3297 onus
588 3220 812 3297 ecclesiastici
838 3219 1024 3318 regiminis
1041 3223 1194 3292 omnino
1211 3217 1427 3318 repudiavit.

473 3340 572 3414 enim
583 3364 662 3412 sevo
674 3354 837 3409 maturus
851 3354 888 3409 et
900 3336 1104 3436 religiosus,
1124 3336 1320 3409 nescientia
1336 3336 1416 3411 litte
1444 3387 1455 3401 t

475 3456 752 3543 eruditissimus3
770 3457 872 3553 cujus
890 3454 1024 3553 ingenii
1042 3454 1256 3553 praeclarum
1271 3456 1452 3555 specimen

512 3772 551 3840 (r)
570 3770 593 3823 T
597 3768 686 3822 urstin
704 3768 748 3821 sut
760 3766 884 3839 appoliti
900 3764 1079 3821 administren
1090 3767 1117 3821 le
1131 3769 1285 3823 monastero
1301 3769 1337 3825 de
1353 3769 1453 3827 Glauo

479 3880 513 3914 en
532 3859 606 3913 1081.
621 3858 671 3912 Les
681 3856 816 3911 violences
829 3858 968 3911 racoutc‘cs
981 3876 1032 3929 par
1044 3869 1124 3912 notre
1135 3869 1234 3912 auteur
1243 3870 1343 3915 curent
1351 3861 1408 3915 lieu
1417 3880 1453 3917 en

516 3968 554 4034 (a)
573 3965 610 4017 La
620 3960 939 4025 Graiu-Saintleufroi,
951 3971 1031 4014 entre
1044 3948 1150 4014 Evrcux
1161 3969 1191 4014 ct
1201 3961 1321 4016 (iaiiion.

516 4067 553 4137 (5)
572 4068 649 4120 Saint
668 4064 777 4119 Leusroi
796 4074 910 4117 mourut
929 4082 989 4117 vers
1008 4060 1075 4135 758,
1095 4062 1162 4115 alans
1179 4062 1204 4115 le
1219 4066 1373 4117 nronastinu
1389 4066 1447 4139 qu’i

483 4157 580 4221 tonsio,
597 4158 676 4225 apris
691 4154 784 4207 i’avoir
795 4152 958 4207 administro
970 4152 1184 4225 ‹pinsum-tntis
1192 4172 1249 4207 aus.
