2910 4980
216 319 275 383 tto
491 323 677 384 HISTORIA
698 322 1001 392 Eccttsttsslcs.

355 439 419 496 Flos
430 458 578 513 procerum
591 442 691 498 Petrus
699 461 787 518 prope
795 446 856 518 jani
868 447 974 506 decidit
985 446 1058 506 idus.

355 531 475 606 Dapsilis
488 543 517 587 et
529 531 606 588 letus
617 532 737 588 multum
750 533 806 591 suit
817 547 901 612 atque
913 537 1027 608 facetus,

357 620 422 676 Plus
432 620 521 695 epulis
533 639 618 695 quam
632 621 737 678 militie
747 623 888 681 studiosus
899 627 994 701 agoni.

352 713 484 768 Summus
496 711 571 786 apud
582 728 725 785 proceres,
738 723 768 770 et
778 713 917 771 nobilium
929 715 985 772 suit
995 716 1092 773 heres.

352 802 434 858 Vixit
444 800 614 871 honoratus,
628 811 702 857 terra
712 821 768 877 qua
780 815 878 877 pensat
889 804 1035 874 humatus,

353 891 389 946 Fa
401 888 480 946 dedit
491 891 565 946 hanc
577 888 671 946 sedem
684 891 791 948 Christi
806 894 949 966 genitricis
961 893 1105 952 adsedem.

353 979 399 1036 Bis
411 999 493 1036 senus
502 979 563 1053 jani
576 979 617 1035 sol
631 979 744 1036 nubilus
756 981 849 1038 extitit
862 980 919 1051 illi3

352 1072 407 1127 Sed
419 1070 460 1127 sol
470 1071 585 1144 justitie
596 1088 678 1146 prece
689 1070 815 1146 fulgidus
824 1084 883 1129 esto
896 1072 998 1129 Mario.

351 1161 463 1234 Plangit
476 1161 616 1222 Parisinst
630 1172 734 1234 pangat
746 1179 831 1236 super
840 1161 918 1217 hunc
931 1159 1074 1236 paradisus

352 1249 406 1304 Per
418 1260 539 1318 sauctcn,
553 1248 648 1305 sedens
661 1249 763 1325 quibus
776 1250 850 1305 hanc
861 1251 997 1307 concesut
1008 1261 1036 1306 et
1046 1249 1146 1306 edem.

260 1392 457 1483 Ansoldus,
479 1393 576 1466 Petri
594 1391 705 1481 lilius,
722 1393 817 1493 patri
832 1392 998 1468 moribus
1013 1395 1051 1466 in
1063 1391 1276 1496 quibusdam

212 1513 368 1585 multum
383 1511 455 1584 fuit
470 1511 650 1584 dissimilis
658 1539 670 1599 ς
690 1511 901 1584 multimoda
917 1526 1037 1586 umen
1054 1513 1192 1587 virtute
1203 1538 1275 1586 ma·

204 1634 280 1728 jor,
299 1630 375 1717 sel,
404 1643 444 1701 ut
468 1628 687 1702 moderatius
705 1627 863 1730 loquar:
888 1629 1046 1731 aequalis.
1073 1631 1166 1703 Erat
1182 1632 1274 1705 enim

210 1745 416 1818 excellentis
434 1744 570 1844 ingenii
589 1760 623 1819 et
642 1745 911 1845 magnanimus,
935 1768 1089 1845 corpote
1112 1745 1222 1821 fortis
1242 1762 1273 1820 et

208 1888 394 1962 procerus,
408 1887 448 1934 ac
462 1863 609 1935 militari
621 1860 803 1962 probitate
815 1863 1146 1962 praestantissimus,
1157 1876 1272 1938 aucto

208 1979 315 2051 ritate
331 1977 494 2050 sublimis
511 1993 547 2051 et
564 1977 602 2049 in
614 1975 753 2076 judicio
764 1980 897 2077 justus,
913 1978 951 2051 in
965 1979 1153 2052 sententiis
1163 1978 1271 2052 disse—

87 2107 92 2117 '
207 2095 328 2169 rendis
356 2095 470 2168 audax
498 2119 539 2166 ac
571 2093 766 2182 facundus,
797 2108 904 2194 atque
929 2093 1154 2194 philosophis
1186 2118 1270 2194 pene

206 2210 460 2312 adaequandus.
483 2209 652 2284 Ecclesiae
673 2208 799 2281 limina
820 2208 1091 2310 frequentabat,
1114 2223 1152 2283 et
1170 2209 1270 2283 metis

206 2326 432 2402 sermonibus
448 2326 584 2426 patulas
596 2350 699 2400 aures
711 2325 864 2401 solerter
880 2325 1189 2401 accommodabat.
1207 2329 1269 2403 Res

203 2460 335 2547 gestas,
354 2459 467 2543 prout
480 2443 637 2544 antiquis
655 2442 838 2532 codicibus
850 2445 994 2519 insertae
1013 2460 1119 2537 sunt,
1135 2444 1268 2521 ediwe·

203 2562 286 2652 bat,
309 2590 328 2635 a
348 2562 466 2636 doctis
485 2561 702 2634 relatoribus
719 2561 870 2636 solerter
893 2561 1148 2664 investigabat,
1173 2564 1267 2638 audi-

203 2695 327 2780 tasque
349 2693 496 2780 patrum
516 2678 607 2749 vitas
632 2678 747 2751 tenaci
772 2679 959 2753 memoriae
982 2679 1264 2754 commendabat.

202 2791 394 2867 Falsidicos
416 2791 605 2878 relatores,
630 2806 667 2864 et
688 2791 841 2866 verbum
862 2792 925 2866 Dei
950 2793 1212 2884 adulterantes,
1235 2810 1267 2871 et

202 2906 369 3007 turpibus
391 2906 501 2979 lucris
521 2904 698 2982 inhiantes
715 2934 840 2982 exosos
862 2907 1036 2997 habebat,
1062 2926 1101 2984 et
1123 2909 1266 2986 desecet

199 3021 477 3121 sophismatibus
492 3021 673 3121 malignis,
684 3048 730 3097 ne
742 3023 902 3098 insontes
913 3023 1137 3124 deciperent,
1154 3024 1265 3125 palam

200 3139 422 3216 confutabat.
454 3139 669 3240 Religiosam
694 3138 957 3215 Guindesmoth
985 3157 1141 3215 matrem
1170 3165 1264 3215 suam

199 3286 339 3360 semper
356 3257 567 3346 honoravit,
582 3256 669 3331 etin
682 3256 868 3349 omnibus,
885 3272 926 3329 ut
940 3256 1052 3332 fidelis
1065 3257 1184 3351 lilius,
1197 3259 1261 3360 ple

197 3379 303 3452 matri
318 3375 587 3452 obsecundavit.
602 3374 859 3449 Hoecnobilem
872 3401 916 3449 ex
927 3377 1140 3450 Trecassino
1153 3377 1259 3451 terri-

198 3495 293 3569 torio
312 3492 514 3592 prosapiam
528 3490 649 3579 duxit,
669 3490 816 3591 Deoque
832 3491 977 3580 devota,
996 3491 1072 3565 scre
1091 3517 1142 3565 xv
1159 3493 1257 3566 aunis

194 3613 327 3684 marito
347 3635 412 3682 suo
434 3610 473 3681 in
494 3606 667 3682 viduitate
693 3609 902 3707 supervixit.
929 3608 1030 3682 Felix
1049 3635 1159 3699 anus,
1178 3635 1254 3711 que

194 3755 306 3828 usque
333 3728 371 3799 in
396 3726 536 3799 senium
561 3724 630 3798 fida
656 3723 779 3799 sobole
805 3727 843 3798 in
868 3725 987 3799 mariti
1016 3725 1177 3801 thalamo
1201 3726 1253 3826 pie

193 3860 384 3920 sustentata
399 3860 472 3931 est3
488 3859 524 3917 et
541 3841 675 3918 ibidem
688 3843 952 3918 consolatorem
966 3843 1019 3915 sui
1037 3844 1251 3917 tutissimum

192 3964 328 4051 videns,
347 3962 478 4038 viatico
495 3978 639 4062 sumpto
656 3960 823 4036 defuncta
842 3976 906 4035 est.
926 3961 1020 4034 Hinc
1035 3987 1055 4032 a
1069 3959 1168 4034 dulci
1179 3958 1249 4034 filio

191 4095 396 4153 reverenter
410 4078 453 4149 ad
468 4078 647 4151 tumulum
661 4079 805 4153 devecta
816 4093 881 4169 est,
896 4094 933 4151 et
946 4078 982 4149 in
994 4077 1137 4177 gremio
1148 4075 1249 4153 ecclc·
