2926 4980
195 424 256 482 300
419 384 423 397 ’
464 419 649 482 ursroara
672 389 996 481 necrusrrsrrcaj

243 539 389 613 Ovidius
409 564 555 639 quoque
576 537 717 611 libidini
739 539 902 612 resistere
926 537 1111 612 volentem
1132 539 1185 610 sic
1202 539 1264 610 in-

194 658 303 729 struit
321 672 446 730 contra
463 655 641 730 Venerem
651 711 661 745 ‚
680 655 826 730 dicens:

333 807 400 865 Otia
411 809 563 864 corrodunt
576 784 683 864 mentes
696 821 725 865 et
738 827 855 883 corpora
869 810 1011 884 frangunt.

369 899 424 953 Fac
436 898 526 973 fugias
533 899 651 954 monitis
663 899 720 954 otia
732 900 823 973 prima
835 899 912 953 meis.

337 989 437 1046 Otiavi
450 989 544 1056 tollas,
556 989 668 1063 peiere
677 989 826 1063 Cupidinis
838 998 931 1054 arcus,

368 1077 697 1161 Contemptaeque-jacent
706 1087 739 1133 et
750 1078 809 1133 sine
821 1077 884 1133 luce
896 1077 1029 1147 saccali).

245 1214 331 1286 llaec
343 1229 382 1291 et
393 1213 461 1287 alia
477 1213 678 1312 hujusmodi
695 1212 887 1313 diligenter
901 1210 1147 1312 perpendens,
1161 1225 1263 1311 pater

195 1328 355 1402 Guarine
368 1331 436 1428 (α),
455 1329 591 1431 aliquid
606 1328 706 1429 quod
720 1327 899 1429 aliquibus
918 1331 956 1402 in
972 1327 1083 1401 domo
1097 1328 1164 1401 Dei
1178 1326 1262 1402 lide·

118 1510 121 1517 .
195 1443 290 1515 libus
314 1445 430 1545 prosit
452 1470 516 1518 sen
538 1444 694 1543 placeat,
722 1443 862 1519 decrevi
895 1443 1107 1543 simpliciter
1134 1442 1259 1529 edere,

195 1575 379 1658 arreptum
406 1587 493 1635 vero
523 1563 683 1637 sedimen
712 1562 903 1662 vigilanter
930 1578 1075 1649 tenere,
1104 1587 1152 1636 ne
1181 1584 1263 1635 cnm

193 1699 297 1747 servo
314 1690 483 1775 torpente
500 1675 758 1775 pruabsconso
776 1677 812 1749 iu
832 1693 926 1750 terra
944 1674 1081 1750 talento
1097 1675 1260 1762 damner,

194 1789 354 1876 Domino
368 1790 598 1891 adjudicium
609 1793 790 1866 veniente.
805 1793 929 1865 Primo
942 1793 1061 1894 itaque
1072 1792 1262 1892 praeceptis

195 1907 388 1991 venerandi
418 1910 565 2010 Rogerii
592 1907 750 2013 abbatis,
775 1925 812 1984 et
836 1925 958 2010 postea
984 1911 1111 1983 vestris
1140 1909 1260 2009 optavi

193 2053 337 2126 parere,
357 2027 573 2126 opusculum
590 2029 768 2127 iucipiens
782 2026 827 2102 de
845 2044 941 2101 statu
955 2027 1134 2103 Uticensis
1151 2027 1261 2102 eccle-

117 2234 120 2240 ,
194 2143 276 2232 siae,
298 2142 557 2244 quod-priores
583 2146 699 2218 nostri
723 2171 795 2218 sese
817 2161 948 2221 mutuo
974 2143 1153 2219 exbortati
1179 2158 1262 2217 sunt

194 2258 328 2349 facere,
356 2258 417 2334 sed
440 2260 562 2333 nullus
586 2286 714 2335 eorum
737 2262 853 2335 voluit
879 2261 947 2335 hoc
973 2262 1144 2359 incipere.
1171 2258 1261 2333 Nam

194 2377 350 2479 quisque
372 2376 478 2452 silere
494 2402 602 2478 quem
626 2379 727 2480 loqui
751 2378 895 2468 maluit,
920 2396 956 2453 et
977 2406 1139 2453 securam
1158 2381 1262 2480 quie-

195 2508 269 2565 tem
291 2493 390 2567 edaci
415 2521 513 2571 curae
529 2509 736 2575 ‹transactas
758 2523 815 2570 res
836 2496 1027 2596 indagandi
1046 2497 1258 2598 praeposuit.

196 2607 368 2683 Libenter
384 2610 517 2709 quippe
535 2610 702 2712 legissent
716 2626 815 2684 actus
829 2612 1017 2700 abbatum,
1035 2612 1261 2712 fratrumque

197 2750 365 2809 suorum,
392 2741 428 2799 et
452 2753 645 2827 parvarum
669 2727 920 2802 collectionem
947 2735 1069 2801 rerum
1092 2754 1260 2815 suarum,

195 2869 278 2941 qnae
290 2841 336 2914 ab
353 2845 470 2942 egenis
484 2843 544 2917 sed
557 2843 695 2917 devotis
709 2844 962 2919 fundatoribus
980 2844 1137 2918 tenuiter
1149 2859 1263 2917 auctae

198 2975 283 3030 sunt
301 2961 438 3060 ingenti
456 2960 698 3034 sollicitudine
712 2978 857 3060 patrum
864 2991 875 3051 3
895 2960 955 3034 sed
967 2960 1011 3033 ad
1027 2960 1187 3034 dictandi
1205 2987 1266 3036 seu

197 3073 377 3150 scribendi
392 3075 550 3150 sedimen
565 3104 670 3150 suum
684 3094 883 3152 renuerunt
897 3104 1046 3151 curvare
1062 3079 1262 3179 ingenium.

197 3193 359 3266 Tandem
376 3181 444 3294 ego
462 3192 506 3266 de
527 3196 696 3267 extremis
723 3196 949 3269 Merciorum
972 3192 1104 3268 finibus
1123 3196 1178 3294 (ὅ)
1201 3194 1267 3269 de·

232 3442 272 3507 (ι)
293 3441 329 3493 le
345 3437 467 3511 premier
483 3437 518 3494 de
534 3456 579 3495 ces
591 3457 652 3494 vera
665 3438 735 3495 u’est
746 3441 826 3513 point
841 3438 970 3497 d'Oride.
987 3441 1038 3495 bes
1051 3440 1119 3495 trois
1131 3449 1227 3496 autres
1238 3459 1267 3497 ae

198 3538 328 3582 trouvent
341 3527 410 3582 dane
428 3527 454 3583 le
472 3534 570 3602 pobme
591 3552 597 3583 e
621 3529 664 3583 De
682 3529 813 3584 Remedio
826 3533 940 3599 amoris,
956 3549 981 3584 v.
998 3528 1060 3598 135,
1079 3527 1140 3605 139,
1159 3535 1224 3601 140,
1238 3541 1268 3588 et

197 3617 310 3673 doivent
323 3619 382 3674 titre
397 3619 509 3674 retablis
521 3618 557 3674 de
570 3620 595 3674 la
609 3621 733 3675 maniere
747 3622 872 3675 sulcante
888 3645 893 3655 ·

391 3733 437 3776 Fac
447 3730 626 3791 munitissugias
638 3733 684 3775 otia
692 3732 767 3792 prima
780 3733 881 3777 meis.....

361 3819 414 3863 Otia
424 3818 444 3861 si
455 3815 536 3868 tollas,
547 3817 633 3876 petiere
647 3813 763 3876 Cupidinis
774 3831 853 3868 amus,

397 3899 578 3961 Contemptaeque
582 3899 664 3960 jacent
673 3910 695 3943 et
708 3901 757 3944 sine
767 3898 896 3959 lucesceret.

232 4013 270 4078 (a)
289 4010 396 4062 Garun
414 4008 462 4061 des
475 4008 593 4074 Bararus,
604 4007 674 4061 abbe
688 4006 723 4062 dc
735 3995 943 4063 saint-Etroult
954 4010 998 4075 (al
1010 4009 1062 4061 mai
1079 4007 1196 4063 ιηό-αο
1206 4011 1266 4081 juin

203 4120 210 4151 r
223 4097 289 4170 ιδῃ).

235 4186 274 4255 (5)
296 4188 379 4240 ,Nolrc
397 4198 495 4242 urrtrur
507 4189 574 4243 c'tait
591 4192 625 4243 nc
643 4191 658 4242 ’a
677 4189 856 4262 Attinglranr,
876 4187 1054 4260 aujourd'bui
1070 4189 1205 4257 Atellam,
1222 4209 1267 4246 aur
