2910 4980
192 386 252 448 sss
465 380 648 442 nisrosn
670 378 973 442 ecesunsrscs.
1147 383 1252 462 [sors]

192 504 273 577 dem
291 502 464 602 religiosis
484 501 658 601 episcopis
674 515 710 574 et
727 496 916 573 abbatibus
932 525 1026 599 soepe
1042 499 1133 573 llens
1147 525 1254 577 enar-

192 617 307 691 rabat.
325 619 446 718 Spatio
463 621 584 719 itaque
594 619 701 692 unius
713 619 798 691 anni
808 621 910 717 juxta
925 617 1152 692 sacerdotum
1163 644 1254 694 con-

192 734 312 806 silium
347 734 540 833 poenituit,
568 749 606 807 et
629 733 790 832 quotidie
817 748 966 807 centum
991 733 1254 836 quinquaginta

191 847 348 921 Psalmos
365 846 495 934 David,
517 873 609 948 quos
623 849 661 920 in
675 846 826 920 infantia
837 847 1023 938 didicerat,
1038 848 1077 923 in
1089 849 1254 925 cranone

192 966 269 1038 Dec
285 967 428 1039 cecinit.
446 966 529 1037 Erat
544 962 637 1038 idem
650 965 707 1036 rir
723 990 876 1065 corpore
887 990 1036 1065 magw
1049 981 1087 1040 et
1097 965 1253 1068 elegans,

192 1082 355 1182 largitate
370 1107 412 1155 ac
427 1080 569 1154 audacia
586 1082 709 1154 multis
724 1081 885 1156 millibus
898 1098 1087 1182 praestans,
1105 1080 1255 1157 devotus

193 1201 259 1272 Dei
276 1199 411 1288 cultor,
429 1199 654 1273 sacerdotum
671 1214 708 1273 et
723 1200 888 1273 omnium
901 1199 1155 1302 religiosorum
1169 1222 1254 1300 sup-

191 1317 274 1415 plex
285 1316 442 1406 auditor,
457 1316 626 1390 Ecclesiae
637 1342 906 1416 pauperumque
918 1314 1095 1416 benignus
1105 1331 1253 1393 amator.

191 1434 264 1508 Pro
280 1434 335 1507 his
351 1451 389 1508 et
400 1433 524 1507 multis
540 1433 617 1506 aliis
634 1430 918 1522 charismatibus,
931 1432 1063 1533 quibus
1076 1433 1115 1506 in
1130 1431 1255 1507 ordine

193 1552 304 1624 laicali
325 1552 524 1649 specialiter
538 1548 740 1638 fruebatur,
759 1576 777 1621 a
801 1550 873 1623 suis
896 1565 934 1623 et
953 1546 999 1622 ab
1020 1549 1171 1639 exteris,
1191 1549 1254 1650 qni

193 1666 269 1741 Deo
291 1666 420 1766 placita
441 1665 589 1765 diligere
606 1681 767 1753 norunt,
792 1665 948 1738 multum
968 1663 1200 1765 diligebatur,
1220 1680 1255 1739 et

192 1785 332 1882 ereptio
343 1786 445 1881 ejusa
458 1784 611 1856 vinculis
625 1784 661 1856 in
674 1810 793 1855 annua
803 1783 1127 1882 procrastinatione
1137 1783 1255 1858 omne

193 1903 308 1976 modis
325 1901 570 2001 expetebatur.
595 1902 758 2003 Denique
777 1901 973 1999 praevalens
990 1903 1120 1974 concio
1139 1927 1255 1975 aernu-

192 2017 313 2091 lorum
330 2021 404 2116 ejus
421 2019 459 2090 in
477 2019 574 2090 curia
591 2018 699 2118 regali
716 2017 911 2090 coadunata
925 2032 997 2104 est,
1009 2042 1167 2118 eumque
1178 2034 1255 2117 post

193 2136 328 2209 multos
344 2151 515 2209 tractatus
531 2162 635 2209 reum
652 2161 724 2209 esse
742 2137 872 2208 mortis
891 2134 1082 2208 definitum
1103 2149 1177 2223 est,
1195 2134 1255 2235 qui

192 2251 370 2326 sodalibus
393 2252 438 2326 de
458 2269 576 2326 morte
600 2252 739 2325 domini
765 2253 819 2323 sui
845 2250 1081 2324 tractantibus
1105 2275 1257 2324 consen·

193 2371 298 2457 serit,
318 2396 385 2442 nec
403 2396 464 2443 eos
478 2396 547 2468 pro
565 2368 667 2443 herili
688 2371 801 2443 exitio
815 2370 1031 2469 perculerit,
1050 2395 1118 2443 nec
1136 2382 1256 2468 aperta

192 2486 370 2560 delatione
393 2488 603 2560 scelerosam
629 2485 824 2560 factionem
846 2486 1032 2560 detexerit.
1056 2484 1132 2559 Nec
1157 2510 1255 2559 mora

193 2601 384 2676 Guallevus
407 2631 425 2675 a
450 2602 692 2691 Normannis,
725 2604 787 2702 qui
819 2605 1021 2676 evasionem
1051 2605 1126 2700 ejus
1157 2599 1256 2676 valde

195 2718 390 2806 timebant,
415 2718 555 2820 sibique
574 2720 704 2818 praedia
724 2725 799 2819 ejus
816 2737 851 2794 et
873 2720 987 2820 largos
1008 2719 1166 2794 bonores
1186 2719 1256 2793 adi·

194 2838 280 2934 pisci
303 2835 518 2934 cupiebant,
540 2852 639 2908 extra
663 2835 789 2909 urbem
811 2837 1008 2924 Guentam‚
1028 2861 1155 2923 mane,
1172 2834 1257 2910 dum

194 2950 309 3023 adbuc
326 2952 480 3051 populus
502 2952 696 3037 dormiret,
716 2953 844 3025 ductus
866 2968 919 3025 est
943 2952 980 3026 in
997 2967 1164 3026 montem
1182 2952 1255 3048 (r),

195 3066 257 3139 ubi
276 3094 374 3141 nunc
392 3068 534 3142 ecclesia
552 3071 664 3141 sancti
684 3068 816 3169 AEgidii
833 3066 971 3141 abbatis
988 3085 1025 3140 et
1046 3066 1259 3142 confessoris

195 3200 400 3258 constructa
420 3202 485 3259 est.
503 3184 555 3258 lbi
572 3201 683 3258 restes
697 3213 787 3272 suas,
804 3185 935 3286 quibus
949 3200 991 3258 ut
1003 3183 1131 3259 consul
1148 3183 1259 3259 bono·

194 3302 294 3376 rifice
318 3301 465 3375 indutus
487 3305 680 3401 processit,
708 3303 844 3377 clericis
868 3322 905 3377 et
928 3303 1168 3404 pauperibus,
1198 3303 1259 3402 qui

192 3419 289 3493 sorte
305 3417 451 3493 aderant
475 3421 519 3493 ad
536 3419 605 3494 boc
621 3422 883 3518 spectaculum,
904 3422 1033 3494 devote
1052 3417 1257 3506 distribuit,

195 3534 378 3636 humoque
400 3536 660 3635 procumbens,
687 3563 769 3609 cum
792 3538 958 3636 lacrymis
982 3552 1018 3609 et
1042 3533 1259 3635 singultibus

197 3653 397 3726 Dominum
414 3652 549 3727 diutius
565 3656 739 3728 exoravit.

243 3768 406 3867 Cumque
423 3770 607 3844 carnifices
625 3771 846 3870 trepidarent
867 3796 913 3843 ne
930 3771 1022 3843 cives
1040 3770 1148 3841 exciti
1166 3794 1258 3868 prse-

204 3910 317 3917 ..-—-.-

231 3967 239 4031 l
246 3967 269 4034 ι)
288 3965 335 4020 οη
352 3967 409 4020 voit
421 3984 521 4020 encore
535 3985 582 4020 sur
593 3978 664 4022 cette
680 3967 793 4035 colline,
809 3971 920 4041 se'parec
933 3969 967 4023 dc
981 3967 1163 4023 winchester
1175 3963 1257 4040 parla

197 4051 294 4104 rivilrc
307 4052 443 4120 d'ltchin‚
456 4053 493 4107 les
508 4055 600 4109 rnincs
611 4055 645 4110 de
657 4054 781 4127 l’bopital
791 4057 838 4129 qui
852 4074 869 4127 y
883 4075 898 4109 a
911 4057 995 4111 existe
1009 4073 1073 4109 sous
1086 4052 1257 4109 l'inrocation

88 4134 89 4139 ’
198 4137 233 4192 ‹lc
247 4141 317 4193 saint
328 4140 426 4196 Gilles.
