2910 4980
212 406 272 464 190
488 399 672 460 HISTORIA
693 399 998 464 tcctrsusrtct.
1169 412 1277 493 [¹⁰00]

210 530 363 624 igneque
378 518 540 592 furentes
556 521 709 593 maxima
731 534 872 621 patrare
886 521 1014 596 domm
1034 528 1155 600 consti
1175 544 1273 605 sunt.

208 638 378 714 Protinus
392 634 462 708 illis
474 634 652 710 Briennus
665 635 827 711 Eudonis
838 639 981 713 comitis
993 641 1194 717 Britenuioe
1205 646 1276 719 mi-

208 756 308 830 noris
321 753 436 841 filius,
452 767 489 827 et
501 751 715 827 Guillelmus
726 751 855 828 Gueldi
869 781 952 828 cum
966 759 1073 831 armis
1087 759 1188 836 obvii
1201 760 1274 839 ius·

207 889 318 960 runt,
337 887 374 945 et
386 867 527 945 duobus
540 895 616 945 uno
632 869 690 944 die
703 870 932 945 conflictibus
945 873 1166 951 horrendum
1178 879 1272 953 mul·

207 991 400 1064 titudinem
420 989 459 1062 in
478 1015 556 1062 eam
577 989 793 1089 paucitatem
813 990 1055 1091 redegerunt,
1075 1012 1118 1068 ut
1138 994 1270 1072 residui

205 1104 342 1181 duabus
371 1102 508 1204 scaphis
534 1103 707 1177 subtracti
737 1105 968 1207 aufugerent,
996 1124 1034 1182 et
1059 1108 1269 1187 Hiberniam

205 1223 306 1296 luctu
322 1221 515 1321 replerent.
541 1219 590 1292 At
609 1221 677 1293 nisi
700 1245 776 1295 nox
794 1222 961 1322 proelium
983 1223 1203 1316 diremisset,
1225 1254 1269 1305 nc

205 1339 355 1413 nuntius
380 1333 527 1437 quidem
552 1336 660 1409 cladis
683 1338 957 1438 repatriavisset.
979 1342 1078 1416 Juste
1102 1340 1139 1416 id
1161 1370 1268 1421 omen

203 1455 416 1530 comitatum
434 1469 487 1526 est
506 1468 610 1527 natos
629 1479 697 1553 pro
715 1469 873 1555 tyranno
890 1457 1055 1556 genitore
1073 1459 1267 1537 vindictam

202 1583 422 1671 querentes,
437 1582 474 1641 et
489 1565 574 1641 buic
591 1568 787 1643 intentioni
805 1594 912 1670 opem
927 1572 1095 1646 ferentes.

250 1688 349 1759 lnter
372 1682 450 1757 haec
475 1682 559 1756 Gisa
584 1685 642 1782 (1)
671 1681 830 1759 Goduini
856 1712 966 1776 uxor,
993 1689 1136 1763 lleraldi
1162 1694 1267 1793 geni-

201 1803 295 1890 trix,
317 1801 500 1900 ingentem
519 1824 641 1898 gazam
663 1800 867 1876 clanculum
886 1806 1057 1904 sumpsit,
1076 1822 1114 1879 et
1133 1832 1205 1907 pno
1220 1810 1266 1881 ti·

199 1944 302 1995 more
320 1915 504 1991 Guillelmi
527 1917 620 2017 regis
640 1917 678 1989 in
700 1917 852 1993 Galliam
874 1946 950 1995 non
970 1921 1129 1995 reditura
1155 1939 1265 2001 tauns·

198 2037 342 2113 meavit.

247 2159 289 2229 ln
319 2154 377 2227 illa
404 2168 614 2253 tempestate
640 2154 778 2228 Suenus
802 2180 867 2228 rex
891 2153 1078 2230 Danorum
1099 2184 1264 2259 magnam

199 2275 344 2348 classem
363 2271 473 2344 Danis
487 2286 524 2345 et
536 2270 664 2370 Anglis
678 2271 940 2345 accuratissime
953 2272 1144 2363 instruxit,
1158 2274 1264 2352 duos-

196 2418 268 2492 que
279 2389 372 2466 filios
386 2414 468 2462 suos
484 2404 521 2461 et
532 2386 737 2462 Osbernum
751 2388 901 2464 fratrem
915 2416 1037 2479 suum,
1056 2392 1262 2490 pontifices·

197 2536 268 2609 que
279 2509 381 2597 duos,
398 2508 618 2605 comitesque
631 2523 704 2580 tres
715 2506 963 2582 dilectissimos
976 2509 1159 2608 praesecit,
1175 2513 1262 2587 etin

196 2624 362 2725 Angliam
379 2622 478 2695 misit
495 2622 566 2719 (e).
589 2621 800 2696 Multotiens
822 2624 920 2696 enim
944 2625 1103 2721 pecuniis
1121 2626 1262 2728 Anglo-

195 2766 277 2812 rum
298 2756 333 2813 et
355 2738 498 2812 obnixis
517 2736 683 2836 precibus
704 2737 824 2811 fuerat
842 2738 1070 2827 sollicitatus,
1095 2755 1133 2813 et
1155 2743 1260 2816 ruins

196 2882 367 2945 suorum,
394 2855 456 2953 qui
480 2879 597 2952 nuper
624 2853 663 2925 in
685 2852 830 2928 Heraldi
854 2854 1026 2928 conllictu
1047 2857 1155 2930 occisi
1180 2856 1260 2933 fue·

195 2987 299 3060 rant,
330 2985 474 3057 motus3
508 2969 597 3069 quin
630 2969 738 3043 etiam
768 2971 932 3070 proxima
964 2973 1180 3071 cognatione
1214 2974 1259 3047 ad

194 3088 295 3189 regni
320 3086 552 3186 cupiditatem
576 3087 764 3176 incitatus,
790 3105 940 3188 utpote
965 3115 1077 3188 nepos
1102 3089 1258 3167 quurdi

226 3450 265 3519 (1)
283 3449 358 3503 Lisez
373 3446 472 3502 Gitba.
487 3445 567 3501 Cette
578 3446 673 3514 dame,
692 3448 782 3520 partie
795 3446 924 3503 d’Exeter
937 3448 985 3503 des
1003 3449 1078 3524 1067,
1093 3461 1166 3505 resta
1177 3452 1255 3526 qud.

190 3558 245 3615 que
261 3550 351 3613 temps
362 3538 463 3594 cachee
478 3536 546 3592 dans
557 3536 585 3592 la
599 3538 686 3611 petite
697 3536 735 3593 ile
746 3537 782 3592 de
792 3537 967 3594 Flet-Helm
978 3539 1256 3599 at’emhouchumte

191 3633 216 3686 la
230 3632 361 3697 Saverne,
382 3630 445 3702 puis
457 3646 546 3701 gagna
558 3627 599 3683 les
611 3627 687 3685 sistes
703 3627 739 3683 de
756 3626 892 3696 Flaudre,
912 3639 941 3683 et
957 3646 987 3684 se
1003 3630 1110 3704 refugia
1129 3633 1145 3685 t
1163 3631 1256 3689 Saint-

191 3721 289 3776 Omer.
307 3721 363 3776 Son
376 3737 442 3775 nom
459 3729 502 3774 est
513 3722 583 3775 ecrit
599 3718 634 3772 de
651 3718 788 3792 plusieurs
806 3720 942 3773 marteres
962 3718 1032 3774 dans
1047 3719 1073 3775 le
1091 3719 1256 3796 Domerhy

191 3812 268 3867 Book
280 3837 286 3864 .·
299 3810 408 3878 Ghida,
421 3809 509 3877 Gida,
523 3809 637 3877 Gueda;
650 3828 687 3865 on
703 3830 721 3882 y
735 3810 792 3865 voit
802 3809 902 3884 qu'elle
914 3811 1000 3866 tenuit
1012 3810 1048 3866 de
1059 3809 1086 3865 la
1098 3829 1254 3882 oonronns,

189 3913 269 3956 avant
281 3901 307 3955 la
319 3899 470 3973 conqudte,
485 3899 657 3954 trente-neus
664 3897 741 3953 mille
750 3898 791 3952 six
804 3907 880 3952 cents
892 3915 968 3954 acres
981 3898 1017 3953 de
1028 3909 1114 3954 terre.

224 4008 264 4072 (a)
283 4005 362 4059 Cette
376 4002 453 4056 ilotte
471 4002 539 4056 e'tait
549 4018 612 4055 sous
626 4001 651 4056 le
662 3999 904 4056 commandement
917 4001 955 4055 du
970 4000 1072 4056 second
1085 4000 1128 4056 fils
1139 4000 1254 4058 deSue·

189 4112 261 4147 non:
278 4094 383 4161 Canut,
398 4094 446 4167 qui
460 4090 504 4146 sut
514 4090 613 4163 depuis
622 4091 714 4146 Canut
726 4090 768 4147 lv
777 4089 909 4159 (rodo-10
919 4090 1013 4162 juillet
1026 4091 1113 4162 1086),
1123 4092 1253 4148 canoniae

188 4204 222 4237 (Ἦ
239 4203 313 4237 1100.
