2910 4980
554 490 671 553 LIBER
693 489 876 568 QUINTUS.
1193 489 1249 551 441

191 634 259 689 tem
272 614 473 714 quidquam
484 613 640 716 prodest
657 612 794 701 alicui,
813 613 888 685 nisi
903 610 991 684 boni
1005 613 1197 713 quippiam
1215 613 1253 682 in

188 728 421 831 uitafecerit.
442 732 537 806 Htec
551 757 639 805 uero
655 747 741 804 sunt
755 755 838 829 quae
854 730 901 801 B.
916 727 1037 802 Ebml
1051 755 1074 802 o
1092 729 1256 802 concessi

189 865 223 922 et
244 848 424 937 concedo,
453 875 500 921 ac
525 874 605 921 meo
629 846 873 947 chirographo
898 845 966 920 sub
984 847 1074 945 jure
1095 845 1255 918 hoeredi-

190 966 303 1054 tan'o,
326 991 443 1038 causa
458 989 549 1038 meae
570 963 721 1053 salutis,
740 962 798 1034 illi
807 979 984 1064 perpetuo
1002 961 1189 1058 confirmo.
1207 962 1256 1034 ln

188 1081 282 1154 villa
292 1082 449 1170 scilicet,
460 1108 541 1181 quae
550 1081 700 1154 Manlia
712 1096 956 1181 nuncupatur,
970 1079 1020 1152 clo
1032 1079 1129 1152 duas
1141 1078 1255 1152 eccle-

189 1202 285 1271 sias:
299 1197 439 1271 scilicet
450 1198 639 1271 ecclesiam
651 1197 692 1269 S.
705 1197 854 1284 Maria,
865 1211 900 1267 et
909 1193 1100 1270 ecclesiam
1112 1194 1153 1266 S.
1170 1192 1257 1265 Ger·

189 1315 293 1386 mani
307 1328 342 1385 et
356 1312 396 1385 S.
417 1314 459 1385 V
456 1315 602 1387 incentii
622 1313 698 1411 (r),
723 1328 757 1383 et
779 1312 985 1414 sepulturas
1004 1312 1198 1399 atriorum,
1221 1326 1257 1381 et

189 1432 314 1503 omnia
330 1455 412 1529 quse
429 1429 485 1502 ael
498 1430 764 1531 presbyterium
784 1431 975 1529 pertinent.
995 1429 1147 1501 Terram
1164 1454 1256 1528 quo-

189 1572 260 1644 que
277 1549 383 1618 utrius
400 1572 563 1619 carructe
582 1561 616 1617 et
633 1561 787 1645 quatuor
802 1545 981 1644 hospites,
1006 1559 1040 1616 et
1057 1560 1186 1615 terram
1203 1541 1259 1614 ael

190 1661 471 1736 inhabitandum
496 1661 680 1735 monachis
689 1719 702 1752 ,
729 1678 764 1733 et
789 1686 902 1734 unum
927 1664 1149 1760 pomerium,
1175 1684 1256 1731 cen-

189 1805 340 1877 sumque
358 1781 464 1850 trium
481 1787 589 1850 semis
607 1780 890 1878 agripennarum
898 1833 911 1866 ,
929 1804 1021 1877 quas
1043 1776 1257 1850 Gualterius

194 1896 338 1983 Cacus,
349 1911 383 1967 et
396 1897 510 1995 Hugo
519 1923 631 1997 nepos
645 1897 738 1996 ejus,
752 1911 988 1994 cognomento
998 1895 1205 1984 Muscosus,
1220 1896 1259 1965 in
1283 1932 1288 1942 ·

190 2014 299 2085 vinea
316 2012 576 2109 Mainerite(2)
594 2011 771 2084 dederunt
785 2013 833 2083 B.
857 2012 991 2082 Mariae
1001 2068 1014 2101 ,
1039 2011 1089 2082 elo
1099 2043 1115 2096 ,·
1134 2027 1168 2081 et
1180 2009 1260 2083 ltoec

190 2131 314 2202 omnia
332 2129 519 2202 monachis
539 2130 580 2202 S.
606 2128 753 2227 Ebruffi
772 2131 824 2202 sic
846 2128 983 2218 libera,
1007 2129 1102 2200 sicut
1124 2151 1191 2223 ego
1213 2152 1258 2198 ea

191 2246 373 2338 tenebam,
390 2249 595 2347 perenniter
609 2248 783 2320 concedo.
805 2249 857 2319 Et
874 2249 909 2318 si
924 2246 1060 2346 aliquis
1080 2243 1128 2316 de
1148 2243 1260 2316 homi-

191 2362 297 2435 nibus
315 2365 403 2436 meis
420 2363 568 2463 aliquid
582 2368 719 2436 sanctis
735 2362 997 2462 monachisque
1014 2363 1052 2433 in
1070 2361 1260 2459 eleemosy-

191 2505 277 2553 nam
302 2479 392 2552 dare
412 2480 587 2570 voluen't,
607 2480 791 2581 quidquid
811 2480 949 2580 absque
966 2480 1103 2552 damno
1127 2478 1263 2551 servitii

191 2598 265 2669 mei
274 2613 309 2671 et
325 2598 574 2671 imminutione
583 2600 743 2698 justitiae
757 2625 846 2670 mete
863 2598 988 2670 dutum
995 2594 1132 2692 fuerit,
1152 2596 1262 2668 liben-

194 2714 330 2786 tissime
345 2740 470 2786 annuo
484 2738 567 2787 cum
572 2714 682 2814 filiis,
699 2714 768 2787 tali
780 2731 898 2786 tenore
911 2731 945 2785 et
962 2730 1035 2785 tam
1043 2713 1160 2813 firma
1174 2739 1261 2784 con-

193 2833 373 2920 cessione,
393 2848 431 2903 ut
445 2832 480 2903 si
492 2831 628 2930 aliquis
641 2858 688 2904 ec
705 2834 794 2934 ipsis
805 2858 878 2934 pro
892 2831 1054 2931 quolibet
1069 2848 1171 2904 reatu
1176 2826 1263 2930 feu·

191 2947 281 3018 dum
293 2973 400 3019 suum
414 2952 578 3035 amittat,
594 2948 765 3022 Ecclesia
774 2951 848 3023 Dei
858 2949 1136 3048 eleemosynam,
1150 2975 1262 3049 quam

185 3063 365 3164 possidet,
378 3063 584 3137 nullatenus
592 3065 741 3164 perdat.
757 3066 799 3138 H
799 3091 856 3138 ccc
864 3067 991 3139 omnin
1005 3064 1261 3140 Windesmotlr

226 3358 266 3429 (ι)
284 3356 399 3432 L’eglise
410 3357 446 3413 de
455 3359 644 3414 Noae-Deme
657 3380 672 3415 a
684 3362 762 3434 passe
772 3378 835 3416 saus
845 3359 1020 3416 l’invocation
1031 3359 1067 3416 dc
1079 3360 1260 3417 saint-Nico-

190 3445 241 3500 las.
259 3445 335 3502 C’est
353 3447 530 3519 aujourd'hui
548 3447 651 3522 l’eglise
669 3449 826 3523 paroissiale
845 3449 881 3505 de
900 3449 999 3505 Maule.
1014 3453 1059 3506 Au
1079 3449 1148 3505 midi
1167 3450 1204 3506 de
1219 3461 1263 3505 cet

190 3531 303 3601 edifica,
317 3551 355 3589 on
371 3536 514 3592 reconnait
524 3554 624 3592 encore
640 3539 697 3593 tres
707 3537 773 3592 bien
788 3536 933 3592 l’enoeinte
944 3537 983 3592 du
999 3539 1127 3610 prieure,
1141 3548 1169 3592 et
1182 3537 1263 3611 quel·

189 3637 260 3695 ques
270 3622 388 3695 vestiges
401 3622 437 3679 de
451 3642 493 3679 ees
506 3626 721 3682 conmortuus.
735 3628 830 3697 Quant
840 3630 857 3682 ὲ
866 3625 1016 3700 l’eglirede
1026 3627 1260 3695 Saint-Vincent,

189 3706 244 3766 elle
261 3728 278 3764 a
294 3712 339 3766 ete
357 3711 573 3786 completement
590 3718 665 3770 caree
685 3714 783 3789 depuis
801 3716 826 3770 la
844 3715 1016 3783 revolution,
1036 3715 1099 3770 saus
1107 3715 1132 3770 la
1146 3715 1210 3770 base
1223 3713 1262 3769 du

190 3797 312 3870 dechor,
323 3802 407 3876 qu’on
417 3821 433 3856 a
442 3804 624 3860 tmnslormee
632 3824 667 3860 en
681 3824 720 3861 un
732 3804 852 3880 pavisson
864 3804 1058 3860 d‘habitation.

226 3891 266 3963 (π)
283 3890 391 3966 Melgrl
399 3903 463 3959 tout
473 3893 500 3949 le
512 3896 572 3950 eoin
587 3914 642 3970 que
659 3913 730 3951 nous
742 3913 825 3951 avons
838 3898 954 3970 appone
970 3899 985 3950 ὲ
1001 3894 1167 3951 rechercher
1183 3891 1261 3951 l’em·

189 3977 347 4054 pherment
359 3981 395 4037 de
413 4000 445 4038 cc
464 3982 535 4050 lieu,
556 4003 626 4040 nous
647 3985 758 4041 n’avons
775 4004 814 4058 pu
836 3995 948 4040 trouver
965 3984 1073 4039 d‘autre
1089 4001 1155 4038 nom
1174 3984 1262 4038 voisin

191 4065 228 4125 de
244 4068 357 4125 celui-ci
369 4068 438 4125 dans
448 4070 473 4125 la
486 4071 548 4129 liste
560 4073 608 4129 des
620 4073 763 4129 domaines
774 4073 812 4128 du
826 4074 938 4147 prieur&
951 4090 1005 4149 quc
1018 4072 1089 4128 celui
1103 4071 1139 4127 dc
1152 4072 1177 4126 la
1192 4082 1265 4127 terre

191 4157 242 4216 du
253 4160 389 4229 mauult,
410 4163 458 4236 qui
477 4174 518 4218 est
537 4163 594 4220 lain
611 4164 729 4221 denaus
746 4167 887 4239 presenter
901 4182 955 4219 unc
974 4164 1099 4238 analogie
1111 4160 1263 4235 complete-

191 4258 271 4307 πω
281 4248 470 4306 ntisseisrnte.
