2910 4980
206 396 266 455 450
481 394 664 454 HISTORIA
687 393 990 454 tectusttsthn.
1028 482 1034 492 1
1165 402 1271 478 [1106]

205 514 290 586 silva
299 513 405 608 Bole(
414 511 690 607 r)deditsanetae
700 514 822 586 Mariae
830 543 840 602 ς
853 515 898 586 ita
912 516 1270 616 ntexsingnlismolis

203 632 276 703 duo
291 629 426 703 denarii
440 629 573 702 dentur
588 629 631 702 ad
646 630 836 703 luminaria
856 632 1032 720 ecclesiae,
1051 649 1087 706 et
1108 638 1269 736 quisquis

204 749 287 822 inde
302 745 464 819 fraudem
475 745 618 833 fecerit,
632 749 793 848 quinque
804 747 936 823 solidos
949 749 1140 847 persolvat.
1154 751 1268 826 Antea

201 892 331 963 nempe
364 891 432 963 pro
462 880 563 938 reatu
597 864 799 966 hujusmodi
830 867 1008 967 sexaginta
1036 868 1268 943 solvebantur

201 982 318 1055 solidi.
334 981 403 1054 Sed
416 982 499 1081 qnia
516 981 572 1054 lex
586 982 817 1055 ecclesiastiea
833 984 958 1056 mitior
971 1000 1023 1057 est
1035 1010 1145 1084 quam
1160 1013 1268 1059 saecu·

200 1099 296 1185 laris,
306 1098 566 1200 quinquaginta
575 1099 735 1198 qulnque
743 1097 845 1172 solidi
859 1099 1104 1199 indulgentur,
1118 1104 1266 1202 etqnin·

198 1242 270 1316 que
282 1217 521 1315 accipiuntur.
534 1217 670 1287 Harum
681 1216 800 1315 itaque
811 1243 933 1288 rerum
945 1216 1180 1291 donationem
1193 1221 1266 1318 ipse

199 1349 236 1406 et
250 1332 397 1406 Odelina
414 1359 507 1405 uxor
522 1337 616 1431 ejus,
632 1349 667 1404 et
681 1330 754 1405 duo
771 1331 835 1404 filii
852 1337 926 1433 ejus
940 1334 1065 1406 Petrus
1078 1351 1115 1408 et
1129 1336 1264 1408 ttadut-

197 1448 255 1521 fus
272 1475 380 1547 super
395 1475 494 1520 aram
511 1449 548 1519 S.
571 1449 695 1521 Mariae
712 1475 778 1547 per
798 1446 931 1519 lihrnm
950 1449 1127 1523 missalem
1147 1452 1265 1549 impo-

199 1583 370 1661 suerunt3
396 1567 565 1665 praesenti
591 1591 737 1666 quoqne
759 1567 961 1665 spectaculo
986 1569 1107 1639 cuncti
1133 1569 1264 1642 milites

197 1685 342 1756 Manliae
363 1681 619 1756 interfuerunt.

246 1802 350 1872 Tunc
364 1797 542 1874 Ansoldus
556 1801 702 1872 Petrum
715 1802 998 1900 primogenitum
1013 1801 1193 1877 haeredem
1206 1821 1263 1878 to·
1300 1828 1305 1837 ·

197 1919 268 1988 tius
281 1917 510 2016 possessionis
523 1943 596 1989 suae
609 1918 812 2006 constituit,
828 1935 865 1992 et
883 1919 955 2017 ipse
966 1946 1070 2018 puer,
1089 1919 1261 1997 Goisleno

196 2034 401 2108 Maroliensi
430 2050 618 2107 caraxante
647 2050 683 2107 et
705 2054 959 2133 praeconante,
989 2036 1196 2137 homagium
1228 2057 1262 2113 et

195 2148 406 2224 fidelitatem
424 2147 690 2221 Manlianorum
708 2151 871 2248 equitum
890 2153 1036 2250 recepit.
1057 2152 1109 2224 lbi
1133 2179 1261 2253 nempe

196 2267 378 2338 affuerunt
392 2263 604 2338 Gnillelmns
618 2263 767 2339 Ansoldi
782 2265 906 2352 frater,
923 2282 959 2338 et
974 2267 1180 2341 llodhertus
1195 2297 1260 2343 ne·

195 2409 262 2482 pos
279 2384 371 2481 ejus,
390 2379 590 2454 Guiholdus
607 2381 709 2456 miles
726 2381 820 2454 lilius
836 2381 977 2455 Radutfi
993 2385 1211 2473 Malivicini‚
1226 2405 1261 2460 et

194 2501 300 2600 Hugo
316 2497 361 2572 de
378 2498 530 2572 Marullo
547 2499 624 2596 (2),
642 2496 721 2571 Odo
737 2499 897 2598 Paganus
914 2499 1009 2571 silius
1026 2502 1207 2601 Hugonis,
1227 2520 1260 2576 et

194 2617 416 2692 Gislehertus
442 2618 535 2690 filius
558 2617 766 2705 Haemonis,
789 2616 868 2690 0d0
892 2617 985 2690 lilius
1007 2620 1202 2711 Gunlonis,
1226 2639 1257 2693 et

195 2736 259 2809 lilii
277 2741 350 2835 ejus
367 2737 493 2809 Petrus
509 2751 545 2808 et
562 2733 754 2823 Amnisos,
769 2736 881 2808 Fulco
898 2736 992 2807 lilius
1007 2735 1206 2827 l'ulrherii‚
1226 2754 1259 2813 et

195 2853 268 2925 duo
283 2869 431 2951 nepotes
446 2856 520 2950 ejus
533 2851 715 2923 Josfredus
732 2867 768 2925 et
785 2852 877 2941 0d0,
893 2853 1102 2926 Grimoldus
1117 2856 1257 2928 Almani

194 2969 289 3042 lilius
297 3023 309 3058 ,
329 2985 365 3042 et
385 2968 588 3040 Gualterius
606 2969 774 3041 Falconis
791 2969 897 3042 lilius.

249 3086 465 3185 Saepedictus
484 3083 606 3171 heros,
626 3101 708 3182 post
723 3085 866 3157 obitum
889 3087 1019 3184 patris,
1048 3093 1257 3162 xv1nannis

193 3203 352 3303 patrium
366 3205 425 3299 jus
445 3201 601 3299 legitime
621 3200 735 3290 rexit,
756 3200 1011 3301 monachisque
1032 3203 1068 3273 in
1089 3206 1257 3277 omnihus

192 3317 297 3391 fidele
315 3316 556 3416 patrocinium
574 3313 750 3402 exhibuit,
770 3332 806 3387 et
823 3316 1007 3415 colloquio
1027 3344 1169 3407 eorum,
1191 3346 1257 3419 pro

192 3433 429 3506 aedificatione
443 3457 600 3518 morum,
614 3433 779 3531 quotidie
793 3432 973 3505 inhianter
985 3459 1058 3507 sese
1069 3437 1253 3534 applicuit.

227 3723 266 3791 (1)
284 3721 321 3774 Le
335 3718 395 3773 bois
409 3716 443 3770 de
462 3714 560 3782 Benle‚
575 3733 609 3767 au
623 3714 658 3768 N.
674 3714 706 3768 tt.
720 3713 755 3767 de
769 3713 872 3781 lectule,
894 3716 957 3786 pros
975 3713 1042 3768 d'nn
1055 3718 1127 3788 petit
1140 3717 1254 3772 hameau

191 3822 303 3885 portant
315 3810 339 3863 le
349 3808 438 3862 menie
451 3824 515 3858 nom
525 3846 532 3871 ‚
544 3815 572 3858 et
582 3805 653 3858 sitne
662 3822 709 3858 sur
720 3802 745 3856 la
758 3822 905 3857 commune
913 3803 1044 3876 contigue
1054 3804 1089 3859 de
1099 3805 1252 3861 Basemont.

191 3903 228 3956 La
238 3901 355 3955 carriere
368 3897 403 3951 (le
416 3895 518 3949 meules
530 3894 598 3948 dont
611 3893 686 3966 parlo
696 3904 776 3947 notre
785 3904 884 3948 auteur
892 3904 934 3947 est
942 3911 1042 3947 encore
1054 3895 1192 3967 exploitee
1200 3914 1253 3950 non
1314 3932 1315 3935 =

191 3991 343 4046 seulement
355 3992 370 4042 'a
383 3987 539 4041 l'iute'rieur
554 3984 592 4037 du
605 3983 680 4049 bois,
694 3986 761 4037 mais
773 4001 874 4038 encore
887 3986 918 4055 ςὲ
926 3993 955 4037 et
963 3982 989 4035 tt
998 4000 1050 4037 aux
1061 3985 1202 4041 enrimns.

224 4081 263 4145 (n)
283 4075 548 4146 Mareille-Guyon,
564 4074 627 4144 pres
639 4071 740 4125 Maulc.
756 4072 832 4126 Nous
842 4090 945 4126 venons
955 4070 991 4124 de
1003 4073 1063 4125 voir
1074 4090 1105 4126 ce
1121 4085 1182 4128 mot
1194 4092 1251 4129 em·

190 4165 268 4236 nloye
282 4182 345 4218 sous
359 4183 412 4217 une
427 4160 733 4230 soi-meadjectivetlans
744 4160 844 4217 lenoni
857 4161 892 4215 dc
902 4158 1224 4218 contestata-deltano.
