2910 4980
190 448 353 527 [714-715]
554 448 673 508 LIBER
695 448 887 521 QUARTUS.
1195 453 1255 512 277

191 581 249 637 ter
261 564 449 637 nocturnis
463 564 592 664 vigiliis
605 562 831 637 incumberet
839 620 849 652 ‚
865 590 883 634 a
896 563 1009 636 media
1024 581 1130 638 nocte
1143 591 1257 665 usque

192 681 232 752 in
245 705 420 759 :auroram
444 697 556 756 totam
580 683 728 755 domum
755 683 859 780 igueo
885 682 1075 780 splendore
1098 684 1255 754 circum-

190 795 434 896 splendescere
450 796 602 870 videbat.
621 796 769 870 Oriente
785 823 872 870 vero
888 799 962 870 sole
978 799 1035 869 vir
1051 797 1114 871 Dei
1133 797 1255 871 suble·

191 912 282 983 ratis
298 912 475 1010 paulisper
491 911 662 985 membris
679 913 778 985 velut
796 937 1005 1012 exsurgens,
1025 929 1060 985 et
1075 940 1200 986 manus
1213 915 1257 986 ad

191 1028 303 1105 altare
319 1029 534 1118 extendens,
555 1029 718 1127 corporis
743 1045 778 1101 et
798 1030 978 1128 sanguinis
996 1029 1129 1101 Christi
1151 1055 1257 1105 com-

193 1144 368 1215 munione
389 1168 425 1216 se
446 1144 622 1229 munivit3
643 1158 679 1215 et
696 1142 838 1220 elevatis
855 1144 967 1218 oculis
984 1142 1029 1215 ad
1047 1145 1201 1233 coelum,
1221 1163 1258 1218 et

192 1260 346 1332 extensis
365 1260 401 1330 in
416 1259 530 1330 altum
542 1258 728 1347 manibus,
746 1285 843 1332 anno
858 1258 903 1330 ab
924 1260 1171 1332 incarnatione
1185 1261 1258 1334 Do·

193 1377 283 1449 mini
294 1392 376 1449 ncc⁰
385 1393 423 1449 x⁰
432 1393 470 1450 νο
481 1379 498 1475 (
508 1380 539 1476 ι)
552 1379 709 1449 animam
719 1376 762 1449 ad
773 1403 929 1474 perenne
941 1377 1110 1476 gaudium
1124 1379 1255 1452 emisit.

242 1494 342 1566 lnter
364 1493 440 1568 baec
464 1494 585 1567 Beccel
612 1495 788 1593 conspicit
811 1493 948 1567 coelesti
975 1494 1164 1594 splendore
1188 1496 1258 1570 do-

195 1635 301 1680 mum·
313 1610 465 1707 repleri,
484 1611 687 1710 turrimque
704 1609 802 1681 velut
819 1611 958 1708 igneam
976 1638 996 1683 e
1013 1625 1106 1683 terra
1125 1613 1163 1683 in
1180 1638 1258 1685 coe-

194 1726 396 1824 lumerigi,
413 1724 456 1797 ad
475 1729 574 1824 cujus
596 1728 902 1824 comparationem
921 1726 974 1801 sol
993 1728 1092 1826 quasi
1112 1729 1258 1801 lucerna

197 1841 312 1915 indie
334 1843 524 1940 pallescere
550 1843 748 1917 videbatur.
772 1844 946 1916 Cantibus
967 1870 1112 1944 quoque
1135 1845 1259 1946 Ange-

195 1961 272 2033 lieis
293 1963 576 2059 spatiumtotius
598 1964 688 2034 aeris
710 1960 873 2035 detonari
892 1960 1122 2050 audiebatur;
1144 1964 1259 2035 insula

196 2077 301 2149 etiam
323 2075 547 2150 diversorum
572 2090 773 2151 aromatum
794 2076 984 2150 odoriferis
1006 2078 1258 2175 spiraminibus

197 2191 343 2294 fragrat.
372 2193 566 2266 Praedictus
597 2195 715 2293 itaque
742 2191 854 2265 frater
880 2192 981 2265 valde
1008 2190 1256 2282 tremefactus,

197 2311 362 2383 eximiam
380 2311 664 2383 coruscationem
687 2310 834 2383 sullerre
856 2335 932 2382 non
955 2310 1093 2394 valens,
1117 2328 1258 2410 arrepta

198 2429 277 2498 nvi
303 2426 479 2525 virginem
504 2424 635 2497 Christi
664 2428 790 2526 Pegam
818 2425 948 2515 adivit,
973 2428 1077 2525 eique
1100 2427 1257 2500 fraterna

198 2542 360 2616 mandata
387 2543 544 2615 seriatim
572 2543 708 2615 retulit.
736 2542 876 2635 Quibus
898 2544 1045 2630 auditis,
1074 2544 1132 2615 illa
1151 2544 1259 2619 vehe-

198 2675 340 2731 menter
355 2659 541 2756 ingemuit.
558 2660 702 2731 Postera
718 2682 804 2730 vero
819 2656 876 2730 die
893 2683 976 2729 cum
993 2657 1167 2755 praedicto
1183 2659 1256 2731 fra-

200 2790 252 2847 tre
270 2771 499 2844 Crulandiam
517 2775 635 2860 venit,
656 2789 692 2845 et
709 2774 813 2845 tertia
830 2772 888 2845 die
904 2772 1020 2845 felicia
1038 2772 1198 2847 membra
1220 2776 1257 2847 in

199 2888 359 2962 oratorio
371 2887 566 2961 seeundum
574 2891 772 2986 jussionem
785 2893 859 2987 ejus
871 2888 1046 2988 sepelivit,
1060 2888 1122 2961 ubi
1137 2890 1259 2964 Domi·

198 3032 267 3079 uus
278 3022 399 3104 postea
411 3021 560 3104 propter
572 3007 675 3077 amici
686 3007 738 3077 sui
751 3006 877 3079 merita
890 3007 928 3077 in
940 3005 1104 3079 sanandis
1114 3009 1258 3106 aegrotis

201 3122 302 3220 plura
320 3121 487 3194 miracula
503 3122 601 3195 lecit.

199 3281 203 3291 ·
235 3239 302 3313 Ad
315 3240 596 3312 anniversarium
608 3240 646 3311 S.
663 3238 828 3312 Cuthlaci
846 3265 951 3313 soror
967 3243 1040 3337 ejus
1057 3241 1146 3340 Pega
1163 3268 1259 3340 pres-

199 3356 348 3456 byteros
370 3371 406 3428 et
427 3356 515 3429 alios
534 3357 757 3429 ecclesiastici
781 3355 917 3430 ordinis
942 3356 1038 3429 viros
1059 3361 1259 3456 aggregavit

201 3488 235 3546 et
262 3471 467 3570 sepulcrum
493 3475 566 3569 ejus
592 3475 749 3570 aperuit,
781 3487 822 3542 ut
848 3497 978 3569 corpus
1002 3474 1076 3568 ejus
1101 3471 1138 3544 in
1163 3472 1260 3546 aliud

200 3588 420 3662 mausoleum
433 3589 654 3662 transferret.
671 3590 776 3661 Tunc
790 3604 909 3662 totum
921 3613 1051 3686 corpus
1064 3589 1257 3689 integrum,

201 3708 300 3807 quasi
313 3705 429 3779 adhuc
445 3709 598 3797 viveret,
619 3709 850 3796 invenerunt3
865 3721 901 3780 et
911 3705 1121 3780 vestimenta
1138 3708 1259 3781 omnia

201 3819 334 3922 quibus
361 3823 542 3896 involutus
565 3838 660 3910 erat,
689 3824 835 3921 antiqua
860 3822 1020 3895 novitate
1042 3836 1079 3894 et
1104 3822 1260 3921 pristino

205 3936 358 4011 candore
382 3938 627 4036 splendebant.
654 3936 870 4011 Mirantibus
894 3938 1033 4010 cunctis
1054 3952 1091 4011 et
1109 3952 1260 4036 stupen-

239 4206 279 4274 (ι)
298 4205 465 4278 liecurt·
