2926 4980
196 465 255 527 102
469 463 652 525 HISTORIA
674 458 980 528 EchEslnsulca.
1156 470 1265 552 [1⁰63]

197 583 329 679 lermus
344 583 418 656 dux
436 600 519 656 cum
534 580 647 656 valida
664 609 774 656 manu
794 600 1016 661 armatorum
1036 587 1177 662 &tam
1191 586 1264 662 ssu-

196 701 296 773 vium
317 699 478 789 transiit,
502 698 709 801 multosque
731 700 1050 777 Cenomannorum
1070 728 1145 778 aeae
1168 704 1265 779 illius

197 816 319 897 manui
337 814 529 891 subdentes
542 815 738 892 clementer
752 818 926 918 suscepit,
945 821 1166 920 etquamdiu
1179 847 1265 921 pos-

198 949 254 1006 tea
272 933 360 1006 vixit
373 933 493 1032 (anuis
511 933 646 1008 scilicet
663 935 787 1031 xxiv),
801 933 979 1035 subjectos
990 940 1074 1036 jure
1088 936 1261 1036 possedit.

197 1049 371 1124 Ptaefatus
394 1048 570 1123 nimirum
583 1051 727 1150 juvenis
750 1066 833 1150 post
852 1050 996 1126 obitum
1016 1052 1186 1129 Herberti
1211 1080 1266 1130 se·

199 1164 314 1239 nioris
339 1166 450 1264 patris
475 1165 559 1266 (qui
585 1165 695 1266 vulgo
718 1167 1055 1267 Evigilans-Canem
1078 1171 1267 1270 cognomi-

199 1279 367 1373 nabatur,
395 1295 546 1379 propter
572 1283 794 1382 gravissimas
827 1282 1099 1376 infestationes,
1128 1310 1264 1386 quasa

199 1394 345 1498 perfidis
362 1394 527 1471 affinibus
544 1397 616 1469 suis
632 1396 945 1498 Andegavensibus
965 1401 1183 1475 incessanter
1202 1426 1267 1502 pa·

201 1512 383 1612 tiebatur)
415 1514 576 1588 consilio·
598 1515 716 1588 Bertae
750 1517 996 1607 matrissuae,
1026 1543 1063 1590 se
1090 1536 1267 1619 auumque

193 1629 461 1731 mimonium
474 1629 672 1705 fortissimo
684 1632 765 1704 duci
780 1632 1077 1709 Normannorum
1087 1658 1269 1710 commen·

200 1744 363 1837 daverat,
378 1760 414 1819 et
429 1744 661 1846 Margaritam
675 1771 838 1822 sororem
855 1773 955 1819 suam
968 1744 1156 1822 Radberto
1169 1750 1266 1848 ejus-

201 1856 284 1932 dem
300 1858 399 1933 dacis
415 1855 493 1932 iiiio
509 1861 548 1931 in
565 1861 773 1961 conjugium
787 1861 950 1951 dederat,
970 1888 1054 1936 cum
1067 1888 1137 1964 qua
1154 1860 1268 1939 baere

201 1960 350 2052 ditatem
363 2003 462 2050 suam
479 2007 488 2049 ε
503 1979 715 2051 comitatum
725 1979 1223 2066 scilicetCeuomannensem,
1237 1981 1266 2053 si
1349 2015 1353 2022 ·

202 2091 279 2166 sine
302 2090 425 2166 liberis
447 2091 589 2179 obiret,
615 2108 851 2166 concesserat.
873 2093 943 2166 Sed
966 2095 1050 2193 quia
1068 2093 1267 2167 Walterius

201 2206 486 2282 Pontesiensium
516 2213 655 2296 cemes,
684 2208 780 2282 filins
802 2209 982 2308 Drogonis
1007 2209 1173 2298 comitis,
1199 2209 1262 2309 qui

201 2349 285 2397 cum
296 2322 484 2399 Rodberto
498 2325 639 2397 seniore
650 2320 948 2399 Normannorum
962 2325 1052 2399 duce
1069 2326 1106 2399 in
1121 2325 1265 2400 Jerusa-

201 2441 275 2516 lem
295 2442 384 2515 ierat
394 2494 406 2531 ,
428 2442 520 2514 etin
538 2440 602 2513 illo
619 2441 749 2517 itinere
764 2443 973 2542 peregrinus
989 2439 1153 2531 obierat,
1176 2440 1268 2517 Rio-

203 2571 277 2628 tam
299 2555 461 2653 Hugonis
485 2553 836 2629 cenomannensium
859 2556 1001 2631 comitis
1026 2555 1157 2645 filiam,
1185 2581 1268 2656 quae

203 2673 310 2745 amita
331 2670 495 2771 praedicti
513 2672 655 2771 juvenis
677 2687 773 2763 erat,
797 2674 836 2746 in
860 2674 1068 2774 conjugium
1089 2671 1265 2760 habebat,

123 2845 127 2851 .
204 2802 324 2861 totum
339 2787 551 2861 comitatum
566 2793 898 2862 Cenomannensem
916 2787 1214 2880 calumniabatur,
1232 2802 1270 2861 ct

205 2932 248 2980 ex
273 2919 375 3005 parte
398 2903 612 3003 possidebat.
638 2905 728 2978 Nam
752 2907 862 3004 ipsam
886 2903 1036 2993 urbem,
1056 2929 1138 3004 quae
1162 2917 1271 3004 caput

205 3037 259 3096 eat
283 3023 500 3122 provinciae,
529 3021 738 3097 Goisfredus
762 3021 807 3096 de
827 3020 1002 3096 Meduana
1024 3037 1060 3095 et
1085 3019 1269 3094 Hubertus

205 3140 250 3214 de
268 3141 397 3213 Sancta
421 3143 579 3215 Susanna
599 3141 679 3239 (t),
699 3139 830 3241 aliique
851 3154 1015 3239 potentes
1037 3139 1076 3210 iu
1098 3128 1270 3211 fidelitate

206 3257 374 3332 Walterii
402 3258 533 3331 acriter
566 3255 737 3331 tenebant
744 3286 756 3346 ;
785 3257 867 3358 quia
894 3255 1180 3329 Normannicum
1204 3257 1270 3352 ju-

86 3445 90 3454 ,
206 3399 293 3473 gum
315 3370 391 3464 his,
413 3371 543 3472 quihus
574 3372 740 3444 imminet
764 3371 1013 3471 gravissimum
1041 3384 1118 3458 est,
1148 3366 1271 3441 subire
1347 3413 1353 3429 ·

207 3489 315 3562 nimis
329 3486 587 3562 formidabant.
605 3488 731 3587 Itaque
746 3486 833 3558 dum
849 3486 1096 3586 magnanimus
1110 3485 1184 3558 dux
1202 3483 1272 3557 fre-

208 3785 258 3840 par
266 3764 428 3823 Guillaume
440 3765 517 3820 n’eut
527 3784 574 3838 pas
583 3764 638 3820 lieu
650 3783 686 3819 en
698 3763 774 3832 1064,
789 3764 857 3819 maia
866 3781 902 3818 en
917 3759 992 3816 1063.
1003 3761 1125 3817 Herbert
1136 3761 1165 3816 11
1174 3760 1271 3815 n’dtait

207 3872 255 3930 pas
269 3853 312 3909 fita
325 3841 712 3921 d’flerben-Eveilte-chien,
730 3871 838 3909 comme
852 3852 879 3908 le
890 3851 932 3907 dit
941 3862 1022 3908 notre
1033 3862 1142 3919 auteur,
1153 3851 1222 3906 mais
1235 3849 1270 3906 de

208 3947 324 4019 Hugues
342 3944 385 4013 11,
401 3962 451 4000 son
465 3943 524 4011 fils,
545 3942 622 4030 etde
636 3945 717 4000 Berte
736 3944 772 3999 de
785 3942 870 3998 blois.
884 3942 958 3997 C’est
974 3960 1011 3998 au
1023 3941 1160 3999 contraire
1178 3940 1271 3997 Biotte

208 4033 257 4108 qui
277 4033 346 4088 etait
367 4031 422 4087 fille
440 4031 826 4100 d’Herbert·Eveille·Cbien,
841 4040 870 4086 et
882 4048 932 4104 par
950 4034 1119 4106 consdquent
1136 4039 1215 4085 taute
1230 4027 1267 4083 de

209 4121 543 4285 Hiiiediibltedunnue,
558 4212 790 4269 armodissement
803 4208 929 4267 debarai
944 4211 1112 4281 (Mayennn).
