2910 4980
188 437 296 513 [ross]
564 431 681 493 trum
702 430 895 506 Quantus.
1199 436 1253 495 181

192 553 291 624 tinus
306 550 472 648 princeps
485 546 689 621 moderatus
702 546 886 621 humiliter
901 552 1090 648 prostratis
1104 548 1258 622 elemen-

192 685 246 743 ter
270 667 453 767 pepercit,
476 664 665 739 confitenti
687 665 824 764 populo
850 681 967 738 reatus
992 664 1164 754 indulsit,
1190 667 1259 738 acsi

191 786 360 858 nescisset
373 781 473 882 quod
487 781 538 854 illi
551 783 668 855 eidem
682 796 851 880 proterve
864 783 1089 870 restiterant,
1109 798 1146 855 et
1162 782 1260 882 quod

193 899 368 974 militibus
392 898 586 973 crudeliter
605 915 642 972 et
666 899 924 974 contumeliose
944 899 1150 988 illuserant,
1170 926 1261 1001 quos

194 1021 266 1117 ipse
287 1018 332 1092 de
349 1017 571 1091 Normannia
590 1018 755 1105 miserat,
779 1032 815 1090 et
838 1031 1026 1115 tempestas
1047 1018 1090 1089 ad
1112 1033 1261 1117 portum

195 1137 342 1210 illorum
371 1135 569 1235 appulerat.
602 1135 734 1208 Exonii
763 1133 938 1235 gaudent,
968 1151 1156 1235 gratesque
1185 1136 1262 1207 Deo

193 1253 378 1340 referunt,
398 1253 496 1353 quod
514 1268 596 1353 post
613 1267 669 1326 tot
691 1253 780 1344 iras,
799 1251 1049 1353 terribilesque
1068 1252 1182 1324 minas
1200 1279 1262 1351 spe

194 1369 320 1443 melius
340 1368 549 1468 alienigenae
572 1369 647 1468 regi
672 1366 844 1466 pacificati
871 1384 969 1439 sunt.
996 1368 1071 1440 Rex
1095 1384 1215 1440 autem
1242 1395 1261 1438 a

194 1483 301 1559 rebus
314 1510 441 1559 eorum
455 1482 650 1578 abstinuit,
666 1499 702 1558 et
719 1501 839 1584 portas
852 1483 953 1556 urbis
968 1484 1109 1558 valente
1123 1483 1263 1584 fidaque

194 1600 352 1678 custodia
368 1601 547 1690 munivit,
569 1627 614 1674 ne
632 1602 783 1700 gregarii
809 1601 940 1674 milites
961 1616 1110 1700 repente
1128 1601 1263 1675 introi-

194 1732 295 1807 rent,
311 1732 347 1791 et
363 1718 531 1817 pecunias
548 1718 682 1789 civium
697 1717 876 1791 violenter
892 1716 1105 1816 diriperent.
1126 1718 1263 1789 Locum

195 1863 280 1910 vero
304 1838 399 1908 intrn
421 1837 558 1910 moenia
579 1836 621 1907 ad
643 1836 882 1910 extruendum
903 1835 1086 1908 castellum
1109 1834 1261 1934 delegit,

195 1952 317 2054 ibique
325 1953 543 2026 Balduinum
551 1953 595 2027 de
605 1953 710 2027 Molis
719 1952 1033 2027 filiumGisleberti
1045 1953 1186 2026 comitis
1196 1954 1261 2048 (r),

196 2070 354 2171 aliosque
369 2070 502 2144 milites
526 2071 727 2170 praeeipuos
746 2069 917 2170 reliquit,
939 2071 1001 2168 qui
1026 2069 1264 2143 necessarium

196 2211 286 2284 opus
303 2185 545 2271 conficerent,
565 2185 804 2284 praesidioque
819 2199 1022 2257 manerent.
1044 2186 1122 2282 lpse
1142 2200 1262 2283 postea

197 2301 233 2373 in
247 2300 372 2373 Cornu
386 2300 585 2374 Britanniae
600 2301 653 2397 (a)
668 2301 818 2374 ulterius
835 2297 1089 2374 contendebat.
1105 2301 1263 2400 Compo-

196 2417 265 2489 sito
282 2415 417 2517 ubique
440 2432 565 2506 motu,
585 2442 693 2516 quem
710 2415 969 2516 deprehendit,
988 2416 1187 2488 exereitum
1205 2415 1264 2487 di-

195 2533 318 2621 misit,
349 2550 387 2606 et
410 2531 590 2608 Guentam
619 2535 674 2631 (3)
701 2533 746 2607 ad
770 2534 968 2609 vacandum
992 2534 1077 2606 illuc
1107 2532 1264 2605 Pascbali

195 2649 287 2727 festo
306 2651 425 2724 rediit.

242 2767 354 2839 Anno
367 2766 412 2840 ab
427 2768 675 2842 incarnatione
690 2768 837 2841 Domini
851 2781 1010 2840 ntxv1u⁰
1025 2767 1095 2864 (l),
1109 2764 1265 2838 Guillel-
1386 2841 1400 2851 Ἀ

197 2909 275 2957 mus
292 2909 356 2956 rex
374 2884 509 2983 legatos¹
526 2879 755 2958 honorabiles
774 2887 811 2957 in
828 2884 1032 2957 Neustriam
1050 2883 1205 2970 direxit,
1228 2897 1265 2954 et

196 2996 406 3072 Mathildem
423 3003 610 3100 conjugem
622 3027 721 3072 suam
733 3001 776 3072 ad
789 3028 826 3073 se
836 3001 959 3074 venire
972 3001 1157 3099 praecepit.
1174 3000 1265 3071 Pro-

182 3200 184 3210 ,
198 3115 296 3190 tinus
308 3116 366 3189 illa
378 3117 498 3190 mariti
508 3119 613 3215 jussis
624 3118 781 3192 libenter
789 3116 970 3204 obedivit,
984 3134 1020 3190 et
1032 3144 1114 3190 cum
1126 3118 1264 3216 ingenti

197 3231 399 3332 frequentia
417 3235 580 3308 virorum
599 3262 639 3306 ac
661 3233 841 3310 nobilium
857 3234 1075 3309 seminarum
1092 3233 1265 3306 transfre-

200 3350 300 3422 tavit.
320 3352 363 3422 ln
380 3351 498 3439 clero,
518 3353 580 3452 qui
598 3352 642 3426 ad
658 3352 778 3426 divina
796 3354 828 3428 ei
846 3352 1095 3440 ministrabat,
1116 3351 1265 3426 celebris

199 3465 317 3541 Guido
334 3464 596 3543 Ambianorum
615 3470 747 3568 praesul
765 3468 959 3559 eminebat,
979 3472 1040 3570 qui
1055 3474 1128 3568 jam
1144 3485 1264 3542 certa-

200 3605 280 3654 men
310 3579 452 3655 lleraldi
481 3597 517 3655 et
546 3583 730 3657 Guillelmi
762 3584 921 3658 versifice
954 3583 1124 3657 ediderat.
1155 3583 1264 3657 Adel·
1329 3563 1411 3651 3¹2.

232 3847 270 3916 (r)
288 3846 433 3902 baudouin
444 3848 478 3903 de
488 3848 608 3915 ltleules,
624 3847 664 3902 fils
678 3849 714 3902 de
727 3848 868 3903 Gislebert
881 3861 971 3904 comte
985 3850 1020 3906 de
1033 3852 1162 3906 Briounc.

235 3938 271 4006 (a)
290 3938 327 3991 Le
337 3939 428 3992 comte‘
438 3936 473 3992 de
486 3937 686 3993 Coruouailles.

236 4023 272 4095 (ὅ)
291 4027 481 4082 Winclrester.

236 4114 272 4185 (l)
290 4115 377 4169 Notre
391 4126 497 4184 auteur,
518 4135 572 4190 que
587 4135 656 4171 nous
676 4134 757 4171 avons
772 4136 806 4171 vu
823 4116 960 4172 ci·dessus
977 4123 1177 4174 comurenceri
1197 4118 1265 4175 No'el

209 4197 305 4259 l'anne‘e
316 4204 497 4277 precedente,
510 4225 669 4263 commoneo
682 4205 791 4264 celle-ci
804 4209 819 4262 ia
831 4206 946 4281 Piques.
