2910 4980
202 375 242 432 20
476 366 660 429 HISTORIA
681 365 989 427 tectuslsstlct.
1158 366 1266 445 [1050]

203 493 296 580 tuit,
326 506 433 590 atque
461 487 504 560 ad
532 488 712 560 infantum
738 488 982 589 magisterium
1008 501 1044 559 et
1073 485 1116 557 ad
1142 513 1280 561 curam.

203 608 397 681 claustralis
416 606 597 705 prioratus
615 605 784 678 tuendam
800 604 997 706 promovit.
1022 603 1157 677 Deinde
1173 605 1266 678 sicut

202 722 444 823 supradictum
466 735 541 811 est,
561 721 654 794 idem
671 722 728 793 vir
745 722 890 794 Domini
918 737 1079 820 tempore
1095 719 1263 795 llotberti

201 838 338 911 abbatis
354 838 398 912 de
415 840 638 912 Gemmetico
654 854 857 937 assumptus
873 852 946 925 est,
962 854 999 911 et
1014 838 1174 911 Uticensi
1191 865 1265 913 no·

200 955 303 1029 rellae
318 952 471 1027 abbatiae
487 955 657 1053 praelatus
673 969 727 1028 est
746 981 843 1029 anno
859 954 905 1028 ab
925 955 1170 1029 incarnatione
1185 958 1265 1031 no-

199 1073 291 1146 mini
311 1082 377 1146 srt⁰
401 1072 475 1145 ind.
498 1083 563 1158 1v²‚
587 1072 650 1171 qui
673 1087 750 1144 erat
767 1096 882 1143 atinus
899 1083 990 1144 x1x¹¹⁸
1006 1072 1153 1145 ilenrici
1170 1075 1262 1173 regis

200 1193 440 1278 Francorum,
460 1203 496 1261 et
513 1198 588 1261 xv¹¹⁸
603 1186 750 1260 ducatus
767 1186 951 1261 Willermi
969 1188 1069 1261 ducis
1085 1187 1261 1262 Norman·

198 1330 345 1379 norum.

246 1423 302 1496 Ad
328 1423 636 1496 constructionem
662 1447 749 1496 vero
779 1446 883 1494 novae
908 1421 1036 1494 domus
1062 1421 1260 1495 Rodullum

200 1555 369 1639 nepotem
390 1566 494 1612 suum
516 1555 553 1613 et
569 1535 760 1640 Hugonem
784 1553 987 1627 cantorem,
1007 1538 1165 1640 aliosque
1185 1540 1261 1613 ido·

199 1680 286 1728 neos
295 1655 437 1741 fratres,
452 1656 627 1753 permissu
636 1653 774 1727 abbatis
785 1655 838 1726 sui
848 1653 893 1727 de
907 1653 1131 1729 Gemmetico
1140 1669 1260 1730 secum

195 1769 356 1843 adduxit.
377 1773 470 1842 Cum
490 1770 645 1871 quibus,
669 1786 706 1843 et
722 1796 788 1869 per
803 1796 894 1871 quos
921 1770 1118 1871 regularem
1137 1769 1259 1844 obser·

196 1889 374 1975 santiam,
394 1904 431 1961 et
448 1888 649 1960 modestum
669 1888 848 1986 rigorem,
867 1901 1057 1985 aptamque
1075 1888 1202 1959 seriem
1220 1887 1257 1958 in

195 2000 320 2077 divino
343 2003 443 2074 cultu
466 2003 649 2076 ferventer
671 2004 799 2075 erexit.
823 2003 980 2075 Diversae
1001 2018 1120 2073 autem
1144 2005 1258 2074 aetatis

195 2137 232 2192 ct
252 2121 433 2221 qualitatis
455 2121 498 2193 ad
520 2122 793 2194 conversionem
810 2120 993 2193 venientes
1016 2121 1194 2219 suscepit,
1221 2139 1258 2193 et

194 2236 390 2310 secundum
406 2237 566 2338 regulam
580 2238 617 2309 S.
634 2239 745 2336 patris
758 2236 938 2311 Benedicti
953 2236 1144 2335 diligenter
1157 2240 1258 2310 insti-

195 2356 278 2427 tuit.
295 2354 387 2427 Nam
407 2356 479 2453 ipse
497 2355 534 2426 in
551 2355 678 2450 primis
694 2351 917 2426 Gunl'ridum
933 2368 970 2425 et
988 2353 1201 2426 Rainaldum
1220 2373 1258 2427 et

192 2472 389 2545 Fuloonem
406 2469 522 2541 filium
539 2469 708 2541 Fulconis
722 2467 867 2554 decani,
885 2468 1045 2569 aliosque
1060 2471 1255 2545 nonnullos

192 2586 432 2685 grammatica:
448 2586 535 2657 artis
549 2585 684 2685 peritos
701 2586 740 2658 in
756 2583 875 2659 schola
889 2584 1022 2659 Christi
1037 2588 1255 2663 emendatio·

192 2730 277 2777 nem
300 2709 383 2776 vitae
403 2701 590 2776 humiliter
606 2701 743 2776 docuit.
763 2702 946 2775 Riculfum
967 2732 1112 2807 quoque
1133 2733 1255 2780 senem

189 2836 229 2890 ct
253 2819 449 2918 Rogerium
467 2820 621 2893 rusticos
638 2818 868 2919 presbyteros
890 2836 926 2893 et
942 2822 1151 2895 Durandum
1169 2822 1253 2898 hor·-

191 2935 354 3008 tolanum
372 2950 408 3009 et
423 2934 655 3009 Goislredum
671 2951 779 3036 atque
796 2935 977 3025 Olricum,
993 2938 1151 3039 aliosque
1166 2941 1254 3013 sim-

191 3052 301 3151 plices
328 3053 521 3152 discipulos
546 3053 753 3152 benigniter
776 3057 954 3128 tractavit.
982 3056 1031 3126 Et
1055 3056 1138 3156 quia
1164 3085 1253 3156 pro-

190 3168 302 3241 funda
317 3169 584 3268 Scripturarum
602 3186 825 3270 syntagmata
837 3172 1021 3270 percipere
1037 3171 1249 3270 nequibant,

192 3286 282 3359 lacte
307 3287 358 3385 pii
385 3285 550 3361 hortatus
573 3286 727 3360 dulciter
750 3288 847 3385 pavit
860 3315 871 3373 3
901 3304 937 3360 et
961 3286 1091 3358 sanctis
1114 3289 1251 3361 actibus

191 3403 362 3489 ostensis,
385 3403 422 3475 in
442 3401 511 3476 fide
531 3418 568 3475 et
584 3402 758 3501 religione
777 3399 971 3475 sultrbriter
987 3401 1247 3476 corroboravit.

192 3521 269 3618 lpse
291 3520 408 3593 etiam*
422 3518 641 3592 Herbertum
665 3534 700 3592 et
725 3519 1000 3618 Berengarium,
1019 3516 1250 3593 Goscelinum

191 3648 228 3707 et
244 3635 462 3723 Rodulfum,
482 3635 725 3711 Gislebertum
743 3651 778 3710 et
796 3634 1036 3724 Bernardum,
1058 3635 1248 3709 Ricardum

191 3766 227 3822 et
245 3749 497 3836 Willermum,
521 3753 678 3852 aliosque
698 3751 817 3850 plures
840 3750 949 3825 bonae
967 3750 1098 3824 indolis
1118 3777 1249 3851 pueros

190 3866 381 3966 diligenter
399 3869 572 3941 instruxit
595 3872 633 3942 in
653 3868 761 3942 domo
785 3867 930 3940 Domini
951 3866 994 3938 ad
1015 3866 1108 3941 bene
1128 3869 1249 3968 legen-

191 3980 299 4069 dum,
320 3983 363 4054 ad
380 3982 599 4071 canendum,
622 3981 931 4070 adscribendum,
955 3999 991 4055 et
1008 3984 1133 4056 adalia
1152 3981 1245 4056 hona

192 4098 325 4189 studia,
347 4127 428 4200 quae
451 4102 559 4173 servis
578 4101 640 4174 Dei
665 4128 783 4173 veram
809 4098 982 4174 theoriam
1004 4101 1247 4200 quaerentibus
