2910 4980
189 449 398 532 [totototo]
559 439 875 512 sletstatinus.
1219 457 1260 518 ss

188 568 360 669 nequiter
382 568 456 668 ipse
473 565 705 658 distraxerat,
726 569 880 644 omnino
905 569 1028 641 tacuit.
1053 568 1260 643 Coenohitae

189 701 314 761 autem
334 683 454 759 audita
475 699 594 760 morte
613 685 815 760 fundatoris
835 685 992 760 ecclesiae
1012 711 1086 758 suaa
1105 683 1259 759 nimium

190 802 398 877 contristati
413 816 516 890 sunt,
533 827 727 904 precesque
749 817 786 876 et
800 802 922 875 missas
946 816 984 877 et
1002 801 1070 874 alia
1087 800 1262 875 beneficia

190 945 264 1020 pro
278 921 396 994 anima
408 923 483 1020 ejus
500 920 590 1008 Deo,
606 923 662 994 eui
680 920 809 993 vivunt
825 921 966 1009 omnia,
984 918 1140 996 fideliter
1155 918 1264 995 ohta·

192 1037 336 1127 lerunt,
354 1063 436 1136 quae
452 1062 669 1112 successores
686 1063 814 1114 eorum
829 1063 942 1138 usque
959 1037 1065 1113 hodie
1080 1038 1264 1114 ferventer

191 1155 385 1232 ohservare
411 1169 586 1256 satagunt.
615 1154 837 1230 Ansohetillo
860 1155 1009 1230 domum
1033 1184 1133 1229 suam
1157 1182 1263 1254 repe-

193 1285 314 1362 tente,
329 1269 548 1345 Teodelinus
563 1273 679 1346 socius
695 1275 770 1371 ejus
784 1271 933 1347 Uticam
948 1273 1069 1362 venit,
1093 1290 1130 1346 et
1148 1295 1174 1344 a·
1185 1295 1265 1344 mo·

195 1386 321 1462 naehis
338 1387 426 1487 quid
442 1386 510 1460 sibi
527 1390 572 1462 de
592 1388 721 1488 Apulia
737 1387 896 1464 delatum
916 1389 1042 1463 suisset
1063 1388 1262 1490 inquisivit.

194 1506 360 1606 Cumque
370 1504 424 1578 nil
437 1505 504 1578 nisi
519 1507 689 1581 moeroris
700 1507 872 1580 nuntium
881 1505 925 1580 de
935 1521 1053 1581 morte
1064 1505 1265 1578 amicorum

194 1625 247 1699 eis
267 1620 425 1698 delatum
448 1648 523 1697 esse
544 1624 795 1724 comperisset,
823 1621 1031 1722 obstupuit;
1058 1639 1094 1697 et
1116 1647 1264 1696 omnem

194 1741 249 1815 rei
270 1739 458 1814 veritatem
480 1739 525 1814 de
548 1738 718 1814 omnihus
742 1765 824 1841 quae
846 1739 914 1812 sibi
935 1765 1108 1840 prospere
1128 1739 1185 1811 vel
1208 1736 1266 1811 ad·

195 1880 297 1929 verse
320 1856 548 1955 contigerant
573 1855 611 1928 in
639 1856 929 1954 peregrinatione
958 1856 1152 1927 intimavit.
1179 1853 1267 1929 Mox

197 1970 415 2046 'l'eodericus
426 1970 533 2045 abbas
542 1970 806 2047 Ansohetilium
817 1973 956 2061 aseivit,
967 1972 1267 2069 commissamque

196 2089 388 2190 pemmiam
403 2088 450 2161 ab
464 2116 508 2165 eo
519 2090 678 2189 repetiit.
695 2091 743 2162 At
766 2089 826 2164 ille
849 2090 969 2189 primo
982 2115 1112 2188 negare
1131 2087 1264 2184 coepit,

197 2204 259 2280 sed
274 2205 506 2305 postmodum
528 2233 547 2280 a
566 2207 765 2281 Teodelino
789 2207 975 2281 convictus
1003 2205 1054 2279 rei
1080 2204 1269 2277 veritatem

197 2323 424 2424 recognovit.
449 2323 675 2415 Pecuniam,
704 2323 842 2422 inquit,
870 2347 982 2422 quarn
1006 2320 1214 2422 reposcitis,
1244 2343 1270 2391 a

197 2440 348 2515 donum
365 2466 444 2515 meo
470 2441 659 2515 Willermo
676 2443 849 2544 snscepi;
867 2442 976 2542 eujus
992 2440 1158 2539 aliquam
1174 2462 1268 2537 par·

199 2573 271 2630 tem
294 2557 350 2629 ad
375 2585 462 2632 usus
490 2574 632 2632 nostros
659 2559 841 2648 distraxi,
863 2574 1009 2657 partem
1033 2582 1120 2630 nero
1146 2556 1270 2627 Remis

200 2673 351 2749 oonsilio
367 2673 508 2748 domini
522 2679 593 2747 mei
608 2673 761 2767 Rodatst
775 2674 1093 2763 Malae-Coronae,
1114 2675 1177 2770 qni
1193 2669 1271 2741 illio

201 2791 293 2865 mihi
306 2790 476 2881 obviavit,
496 2793 759 2868 commendaui.
780 2791 886 2886 Quod
903 2790 1085 2864 audientes
1102 2784 1270 2862 monachi

201 2908 323 2982 Remis
344 2908 449 2982 ilium
465 2907 521 2981 bis
536 2908 766 2999 direxerunt,
784 2911 885 3009 prius
903 2934 987 2981 cum
1005 2905 1179 2982 Rainaido
1191 2927 1271 2978 mo·

202 3024 319 3100 nacho
340 3024 383 3099 de
405 3025 543 3126 Sappo,
566 3026 696 3103 deinde
714 3053 798 3100 eum
816 3028 976 3100 Fuieone
995 3026 1039 3100 ad
1060 3024 1270 3100 Gervasium

202 3139 654 3242 arehiepiscopum(1)pro
663 3170 772 3218 censu
781 3141 1143 3243 depositoPraefatus
1152 3154 1270 3212 autem

202 3260 502 3358 metropolitanus
525 3260 744 3336 monachum
766 3261 803 3334 S.
828 3259 966 3334 Ebruifi
993 3274 1176 3360 gratanter
1197 3283 1271 3329 sus·

204 3375 317 3473 oepit,
348 3401 502 3478 eumque
529 3378 567 3449 in
594 3378 741 3477 negotio
770 3403 839 3477 pro
866 3404 942 3478 quo
966 3391 1113 3450 venerat
1136 3371 1273 3471 adjuvit

204 3507 382 3591 quantum
408 3495 542 3592 potuit.
574 3495 667 3567 Nam
702 3494 796 3568 idem
824 3494 911 3567 dum
947 3489 1272 3566 cenomanensium

205 3609 390 3707 episeopus
406 3625 502 3701 erat,
517 3628 553 3684 et
570 3613 706 3683 curiam
717 3610 902 3686 Willermi
918 3609 1018 3681 ducis
1033 3606 1270 3680 Normanno-

204 3750 311 3816 rum,
342 3727 400 3798 cui
428 3727 528 3803 valde
556 3727 740 3801 familiaris
770 3741 869 3814 erat,
901 3723 1031 3800 erebro
1065 3736 1269 3824 expeteret,

205 3842 300 3939 apud
330 3841 479 3916 Utieum
512 3844 749 3945 saepefuerat
778 3840 976 3918 honorifice
1005 3854 1208 3940 susceptus,
1237 3855 1272 3913 et

241 4131 280 4202 (ι)
299 4130 416 4187 Gerrais
427 4131 463 4187 de
475 4132 743 4202 Chiteau-du-Loir,
756 4134 859 4208 ireque
871 4133 908 4189 du
926 4135 1004 4189 Mans
1016 4126 1211 4204 (1036-1055),
1226 4145 1270 4180 ar-

209 4219 348 4294 cheveqne
360 4220 395 4275 de
407 4221 503 4278 Reims
514 4220 701 4297 (roffi-1067).
