2926 4980
201 386 260 446 126
474 381 655 443 HISTORIA
677 382 978 459 Ecctmlusrlcl.
1157 388 1263 472 [tcto]

199 505 359 604 priorem
368 503 494 602 elegit,
509 504 613 604 eique
626 529 690 600 per
702 507 915 600 pastoralem
926 503 1095 576 baculum
1109 509 1265 585 exter-io-

198 648 277 694 rem
293 646 416 692 curam
440 618 609 708 tradidit,
629 635 664 693 et
681 621 855 718 praedicto
871 620 1022 695 antistiti
1032 675 1042 709 ,
1061 635 1102 693 ut
1118 649 1160 697 ea
1181 649 1264 726 quae

199 735 265 808 sibi
283 736 327 807 de
342 734 519 834 spirituali
533 760 616 809 cura
632 733 883 832 competebant
904 737 1108 836 suppleret,
1124 764 1265 837 praece·

199 853 267 952 pit.
281 852 345 926 llle
361 877 446 925 vero
457 851 610 924 libenter
627 852 748 925 omnia
763 851 969 950 complevit.

248 968 385 1043 Eodem
407 967 464 1040 die
490 967 544 1066 (ι)
562 968 636 1040 dux
655 968 832 1040 domnum
843 967 1085 1040 Laufrancum
1106 974 1266 1057 Becca-

199 1086 292 1157 sium
306 1085 466 1184 priorem
480 1109 601 1157 coram
619 1109 655 1156 se
673 1083 790 1156 adesse
808 1083 1017 1182 imperavit,
1033 1085 1139 1184 eique
1154 1082 1265 1159 abba·

201 1201 306 1288 tiam,
332 1227 440 1300 quam
465 1200 538 1299 ipse
563 1198 637 1270 dux
655 1199 693 1270 in
715 1197 855 1272 honore
877 1200 911 1271 S.
938 1198 1108 1297 Stephani
1133 1212 1265 1300 proto-

198 1318 367 1417 martyris
393 1316 487 1414 apud
510 1314 708 1389 Cadomum
737 1313 1000 1388 honorabiliter
1027 1313 1241 1391 fundaverat
1249 1368 1262 1406 ,

199 1431 476 1507 commendavit.
504 1431 725 1503 Lanfrancus
749 1431 868 1530 itaque
896 1431 1034 1530 primus
1060 1431 1264 1507 Cadomen-

198 1550 292 1622 sium
311 1532 419 1619 abbas
436 1545 551 1619 factus
568 1560 641 1633 est,
660 1545 721 1620 sed
736 1547 844 1646 paulo
865 1562 948 1646 post
963 1546 1006 1619 ad
1029 1546 1264 1625 canuerint·

199 1693 273 1739 sem
289 1662 631 1763 archiepiscopatum
660 1674 849 1762 promotus
868 1680 933 1738 est.
962 1665 1052 1738 Erat
1076 1663 1170 1739 idem
1196 1670 1265 1761 ιη’-

200 1781 299 1854 tione
339 1777 612 1878 Langobardus‚
650 1778 854 1853 liberalium
894 1781 1027 1852 artium
1047 1778 1264 1855 eruditimc

198 1896 388 1970 affluenter
420 1895 604 1985 imbutus,
634 1895 874 1997 benignitate,
898 1896 1066 1997 'largitate
1099 1911 1137 1969 et
1160 1897 1264 1971 omni

85 2016 117 2037 ,--
198 2016 372 2116 religione
388 2014 581 2114 praeditus,
604 2013 838 2114 eleemosynis
853 2013 1001 2115 aliisque
1014 2013 1121 2087 bonis
1137 2008 1264 2099 stdi'm

198 2132 447 2231 multipliciter
464 2132 637 2203 intentus.
653 2132 720 2202 Hic
731 2132 904 2202 nimirum
919 2158 937 2202 a
953 2130 1031 2224 die,
1047 2156 1121 2230 quo
1134 2128 1264 2228 primi·

199 2264 255 2319 tus
277 2249 370 2347 apud
392 2245 682 2320 Bonam-Villam
712 2247 777 2344 (ut
802 2245 1089 2345 praelibavimus)
1107 2245 1263 2321 ecclesio
1302 2230 1307 2237 Δ

197 2367 356 2466 regimen
375 2364 546 2462 suscepit,
565 2388 643 2434 xxii
661 2364 763 2435 annis
777 2379 813 2436 et
831 2388 867 2434 ιιι
884 2363 1068 2437 mensibus
1084 2362 1212 2439 'multis
1224 2364 1263 2438 in

197 2481 305 2554 domo
319 2481 382 2552 Dei
395 2477 558 2553 fidelibus
571 2476 763 2577 proficiens
780 2478 952 2553 nobiliter
969 2481 1118 2553 claruit..

245 2591 477 2667 Venerandus
487 2594 591 2692 Hugo
601 2594 787 2693 episcopus
799 2595 1067 2693 magnanimum
1080 2594 1145 2667 Dei
1153 2594 1261 2671 clien-

198 2727 272 2784 tem
293 2711 507 2784 Mainerium
524 2714 625 2808 jussu
644 2711 742 2783 ducis
754 2711 902 2783 Uticum
921 2709 1089 2802 adduxit,
1106 2700 1262 2815 eumque

197 2827 393 2901 secundum
420 2842 550 2898 statuta
578 2851 757 2898 canonum
779 2843 862 2900 aute
888 2827 998 2900 altare
1028 2827 1140 2900 sancti
1163 2826 1261 2903 Petri

196 2942 446 3043 apostolixv11⁰
459 2944 526 3014 kal.
536 2943 673 3042 augusti
688 2941 882 3016 benedixit.
897 2943 961 3016 llle
969 2960 1089 3018 autem
1097 2958 1259 3043 suscepto

196 3058 345 3131 nomine
361 3056 498 3130 abbatis
516 3074 552 3131 et
569 3083 678 3132 onere
691 3056 917 3132 laudabiliter
933 3059 1042 3145 vixit,
1062 3073 1098 3131 et
1117 3082 1260 3160 suscep-

197 3190 276 3247 tum
289 3175 448 3276 regimen
459 3200 537 3247 xxii
551 3175 653 3247 annis
667 3189 703 3246 et
715 3200 769 3247 v11
784 3173 965 3248 mensibus
977 3173 1115 3249 utiliter
1126 3174 1257 3264 ten'uit,

194 3291 390 3391 multisque
406 3291 522 3364 modis
548 3291 805 3364 monasterium
822 3289 889 3363 sibi
912 3291 1142 3364 commissum
1160 3290 1258 3364 intus

194 3423 232 3481 et
244 3407 398 3480 exterius
409 3410 557 3505 juvante
573 3405 649 3480 Deo
674 3404 889 3480 emendavit.
907 3409 1047 3480 Fratres
1061 3400 1257 3479 autembe-

193 3527 353 3627 nigniter
374 3525 506 3599 sedavit
524 3525 665 3598 solertia
683 3540 719 3598 et
732 3525 891 3611 ratione,
913 3524 976 3624 qui
993 3520 1255 3623 aliquantulum

228 3876 268 3943 (ι)
286 3874 373 3928 Notre
389 3882 514 3927 auteurs
535 3871 645 3945 neglige
658 3871 816 3946 d’indiquer
828 3870 853 3925 la
871 3870 934 3926 date
946 3871 1051 3943 precise
1068 3869 1103 3923 de
1118 3884 1164 3924 cet
1179 3866 1252 3924 deux

194 3963 382 4028 investitores3
395 3979 502 4016 comme
514 3962 631 4017 Mainier
642 3963 685 4018 lut
698 3961 806 4016 installe
818 3960 844 4015 le
857 3959 889 4015 ι6
895 3959 1002 4033 juillet,
1017 3969 1112 4032 etque
1126 3975 1176 4013 son
1186 3959 1251 4032 pre·

193 4052 336 4107 decesseur
348 4053 415 4107 etait
427 4061 500 4106 mort
511 4051 537 4105 le
550 4069 584 4126 27
596 4054 664 4121 mai,
680 4070 717 4107 ou
728 4051 790 4106 doit
801 4052 890 4107 croire
899 4050 1011 4127 qu'elles
1023 4059 1122 4105 curent
1134 4047 1190 4105 lien
1199 4051 1216 4102 t
1226 4048 1252 4103 la

194 4139 230 4192 sin
244 4139 278 4194 de
287 4141 349 4211 juin
362 4159 398 4195 ou
411 4160 445 4195 au
458 4152 693 4197 commencement
706 4141 741 4195 de
750 4139 851 4210 juillet.
