2910 4980
150 484 356 563 [roto-1057]
523 484 637 545 LIBER
658 486 834 547 TERTIUS.
1167 485 1205 545 43

149 602 353 689 daemonio,
381 599 678 704 vehementerque
703 620 859 678 rexatus.
885 605 990 674 Hunc
1017 628 1099 673 cum
1126 623 1204 674 rno-

151 717 254 792 nachi
274 716 496 792 horribiliter
510 719 720 795 clamantem
739 720 920 808 audirent,
939 718 983 791 ad
999 745 1081 792 eum
1096 743 1207 790 acces·

151 849 294 922 serunt,
315 834 488 935 illumque
501 837 768 936 propulsantes,
787 852 823 911 et
838 862 966 938 aquam
984 832 1207 907 benedictam

152 976 258 1050 super
287 950 390 1022 illum
416 969 637 1052 spargentes,
667 954 726 1025 vix
751 951 942 1052 aliquando
972 978 991 1022 a
1021 951 1208 1022 vexatione

152 1067 349 1139 daemonica
363 1092 486 1147 eruere
499 1068 705 1167 quiverunt.
726 1069 795 1161 Qui
810 1067 853 1140 ad
870 1095 905 1140 se
923 1091 1083 1140 reversus
1100 1063 1208 1136 intel-

152 1183 232 1283 ligit
245 1198 395 1282 propter
406 1182 502 1255 furta
515 1210 596 1284 quae
609 1201 727 1284 egerat
738 1184 920 1256 diabolum
935 1184 1040 1255 talem
1053 1196 1211 1279 potesta-

156 1316 227 1373 tem
245 1326 353 1398 super
368 1326 405 1372 se
420 1301 609 1399 accepisse,
632 1301 868 1400 promisitque
885 1298 982 1399 qnod
1000 1296 1045 1370 ab
1062 1296 1127 1369 hac
1143 1322 1210 1370 ne-

155 1416 268 1514 quitia
285 1414 329 1488 de
347 1430 478 1490 caetero
496 1417 691 1490 custodiret
705 1444 753 1490 se.
775 1416 844 1488 Sed
859 1432 979 1515 postea
996 1440 1097 1486 more
1115 1412 1210 1484 canis

154 1527 199 1634 ad
224 1557 330 1615 suum
354 1532 532 1605 vomitum
556 1559 718 1606 reversus
741 1547 813 1621 est3
844 1533 938 1607 unde
963 1532 1132 1631 capitium
1157 1528 1210 1600 illi

155 1645 264 1719 abbas
281 1646 496 1722 'leodericus
517 1646 649 1721 abscidi
671 1648 776 1738 fecit,
803 1676 956 1749 eumque
976 1648 1019 1721 de
1041 1643 1213 1720 coenobio

156 1762 298 1861 expelli.
318 1763 460 1860 Ejectus
482 1780 601 1837 autem
619 1764 662 1838 de
686 1765 837 1865 collegio
861 1766 1034 1852 fratrum,
1059 1764 1126 1837 iter
1150 1765 1213 1859 (ut

155 1878 305 1977 dicunt)
326 1880 365 1952 in
386 1881 580 1956 Jerusalem
598 1883 770 1979 arripuit,
791 1879 853 1955 sed
871 1883 1022 1955 omnino
1036 1879 1213 1952 nescimus

156 1994 300 2092 qualem
315 2011 436 2092 postea
452 1995 561 2069 finem
579 1998 726 2071 sortitus
743 1996 866 2070 suerit.

208 2109 363 2201 Quidam
380 2110 568 2212 presbyter
584 2112 784 2186 Anseredus
802 2113 950 2185 nomine
968 2112 1005 2182 in
1029 2107 1214 2182 territorio

159 2225 268 2312 villae,
287 2251 368 2325 quae
384 2228 519 2325 Sappus
531 2227 677 2316 dicitur,
695 2228 956 2315 commanebat,
972 2227 1035 2326 qui
1047 2226 1157 2298 vitam
1169 2224 1216 2297 le·

159 2368 241 2414 vem
256 2341 421 2440 pluribus
440 2341 554 2417 modis
567 2344 732 2418 ducebat.
751 2346 818 2418 llic
832 2345 918 2417 dum
936 2345 980 2417 ab
997 2342 1216 2444 aegritudinis

160 2459 392 2533 incommodo
417 2459 645 2560 fatigaretur,
672 2489 692 2534 a
717 2466 901 2536 monacbis
924 2463 1116 2562 supradicti
1141 2484 1215 2531 coe·

160 2573 262 2647 nobii
295 2574 458 2647 habitum
486 2579 597 2650 sancti
628 2577 807 2652 Benedicti
840 2579 906 2651 sibi
934 2578 1011 2650 dari
1037 2576 1213 2675 poposcit.

161 2688 269 2781 Quod
291 2715 373 2761 cum
393 2690 539 2789 adeptus
566 2691 706 2782 luisset,
736 2693 780 2764 ad
807 2693 1018 2766 coenobium
1047 2707 1099 2764 est
1121 2690 1217 2763 dela-

164 2823 241 2898 tus,
265 2822 372 2906 atque
397 2807 434 2878 in
463 2808 656 2880 infirmaria
685 2812 834 2909 positus.
864 2810 932 2902 Qui
956 2824 1146 2908 postquam
1173 2804 1218 2877 ab

162 2923 282 2997 eadem
307 2924 519 3022 aegritudine
543 2926 744 3013 convaluit,
768 2927 866 2998 illam
887 2927 1085 3012 levitatem,
1110 2947 1219 3022 quam

163 3039 202 3108 in
218 3039 377 3110 saeculari
396 3040 664 3113 conversatione
680 3043 894 3141 agitaverat,
916 3042 1141 3139 inquantum
1156 3061 1219 3135 po-

163 3169 257 3226 terat
278 3155 490 3229 resumebat.
516 3159 562 3229 Et
583 3159 674 3228 sicut
693 3158 838 3258 quidam
861 3160 998 3257 sapiens
1023 3157 1066 3230 de
1090 3152 1219 3226 talibus

164 3269 277 3341 dicit:

253 3424 376 3491 caetum,
393 3443 449 3480 non
460 3427 579 3480 animam
592 3439 694 3494 mutat,
709 3431 757 3502 qui
770 3440 847 3483 trans
856 3447 931 3482 mare
943 3428 1048 3496 currit(
1054 3428 1086 3494 1),

167 3566 232 3637 iste
248 3564 410 3638 habitum
425 3568 692 3655 tantummod0,
709 3596 784 3642 non
799 3594 916 3641 mores
933 3567 1096 3638 mutavit.
1114 3565 1222 3663 Cujus

167 3681 277 3751 vitam
295 3695 331 3753 et
347 3684 652 3756 conversationem
666 3710 747 3754 cum
765 3682 871 3755 abbas
889 3683 1104 3755 Teouericus
1122 3681 1221 3754 valde

168 3795 482 3893 reprehensibilem
500 3817 681 3888 cerneret,
709 3800 881 3898 illumque
903 3824 1042 3870 sacrum
1059 3798 1223 3870 ordinem

169 3913 253 3984 odio
278 3913 407 3987 habere
429 3916 569 3989 audiret
592 3916 839 4014 (mandaverat
860 3919 955 3990 enim
982 3917 1074 4011 patri
1101 3941 1166 3987 suo
1189 3934 1225 3988 et

205 4142 243 4209 (ι)
262 4143 335 4194 Lisez
351 4166 355 4193 :
376 4143 493 4210 Coelum,
504 4166 558 4199 non
573 4150 709 4207 arrianum,
727 4154 847 4212 enatant,
860 4147 908 4218 orti
920 4154 997 4198 trans
1013 4150 1223 4197 mancosorum.

172 4232 240 4284 llor.
256 4233 304 4303 Ep.
322 4250 345 4300 ι,
360 4251 400 4300 ιι,
413 4249 456 4306 27.
