2910 4980
207 379 265 449 418
384 431 387 434 .
478 378 661 440 HISTORIA
683 378 989 441 ECCLESIASTICA.
1075 386 1168 460 [crues
1179 387 1264 465 1083]

205 517 357 591 vacant,
371 517 409 572 ut
418 527 495 574 sese
503 503 767 598 crucifigentes,
781 503 862 574 Deo
869 529 937 602 per
944 506 1069 576 omnia
1079 504 1261 604 placeant.

205 619 290 719 Ipsi
298 643 427 719 nempe
438 617 585 705 munda,
606 616 872 717 mundanisque
876 623 1054 720 parasitis
1073 621 1261 712 insultam,

205 732 295 806 dum
314 731 504 804 mundana
525 731 786 804 oblectamenta
806 731 904 804 velut
927 750 1062 808 stercus
1085 735 1261 824 devitant,

204 863 239 919 et
260 846 467 920 mundanas
490 872 576 948 opes
595 872 665 946 pro
689 872 847 946 superna
866 873 931 948 spe
955 850 1263 950 contemptibiliter

203 962 431 1036 conculcant.
452 962 644 1063 Asperitas
664 961 736 1033 illis
754 966 845 1036 inest
865 979 899 1034 et
916 963 1040 1038 vilitas
1059 968 1097 1037 in
1113 968 1258 1056 vestitu,

202 1082 351 1154 siccitas
369 1094 404 1152 et
413 1080 581 1181 parcitas
601 1081 639 1149 in
653 1083 772 1164 uictu,
793 1097 828 1151 et
844 1085 1074 1182 propn'arum
1092 1088 1260 1156 resecatio

200 1198 424 1270 voluntatum
442 1212 594 1297 propter
609 1221 767 1268 amorem
787 1196 940 1269 Domini
959 1197 990 1270 J
989 1225 1064 1272 esu.
1090 1189 1197 1298 Quid
1218 1201 1260 1273 de

199 1320 367 1387 castitate
381 1331 415 1386 et
430 1316 532 1388 omni
546 1315 788 1401 continentia,
808 1312 902 1412 qnid
917 1314 965 1386 de
980 1316 1123 1388 silentio
1135 1344 1259 1390 mona·

199 1432 345 1506 cborum
358 1449 392 1504 et
404 1429 600 1520 modestia,
617 1429 707 1529 quid
720 1430 876 1528 dem'que
890 1431 1015 1504 dicam
1029 1433 1075 1505 de
1087 1432 1256 1506 obedien-

198 1547 280 1622 tia?
294 1550 497 1620 Tantarum
510 1550 620 1645 copia
631 1549 805 1619 virtutum
815 1549 1068 1646 magnitudine
1076 1553 1138 1621 sai
1146 1577 1257 1623 meum

197 1665 364 1738 obtundit
375 1669 572 1762 ingenium,
575 1667 773 1762 fateorque
782 1691 839 1735 me
850 1690 924 1735 non
928 1691 1036 1762 posse
1049 1665 1258 1762 sufficienter

178 1783 300 1856 ‘illam
311 1787 515 1883 exprimere
526 1807 593 1880 per
607 1783 679 1852 oris
693 1780 864 1877 officium.
883 1782 930 1852 In
946 1782 1132 1881 regalibus
1144 1785 1255 1857 claus-

197 1903 260 1973 tris
273 1904 351 1973 ueri
362 1899 571 1986 coenobita,
589 1897 806 1997 velutifiliar
818 1903 930 1997 regis,
949 1898 1185 1990 clauduntur,
1200 1927 1252 1989 nc,

193 2021 228 2091 si
241 2043 314 2119 per
325 2017 525 2105 exteriora,
542 2031 717 2113 tanquam
735 2014 838 2086 Dina
853 2015 931 2085 Lice
940 2015 1028 2113 filia
1038 2070 1052 2103 ,
1071 2017 1253 2116 impuden-

195 2149 248 2205 ter
258 2147 469 2230 evagantur,
487 2157 513 2201 a
525 2128 758 2229 Sicbemfilio
771 2130 889 2201 Emor
899 2130 992 2202 Evei
1003 2129 1017 2226 (
1025 2130 1073 2227 ι),
1091 2131 1146 2203 ad
1157 2134 1252 2231 inju-

194 2251 290 2323 riam
300 2247 415 2348 rigidi
425 2251 556 2348 patris,
558 2244 812 2345 ferociumque
823 2245 981 2318 dedecus
981 2243 1162 2343 fratrum,
1180 2266 1251 2319 tun

191 2368 585 2465 pitercorrumpantur.
602 2362 686 2462 Ipsi
696 2377 840 2449 tutores,
856 2387 901 2433 ne
914 2360 1087 2433 labantur
1098 2365 1136 2433 in
1152 2368 1251 2465 septis

194 2482 283 2570 suis,
299 2479 485 2572 sibistunt,
500 2495 535 2550 et
550 2479 645 2576 lapsi
656 2503 725 2576 per
734 2502 936 2563 excessum,
956 2479 994 2547 in
1004 2479 1250 2578 penetralibus

194 2599 273 2669 suis
291 2612 522 2670 accusatores
539 2598 600 2666 sui
614 2611 720 2679 sunt;
734 2619 897 2693 seseque,
917 2611 958 2665 ut
976 2621 1107 2666 aurum
1122 2598 1162 2667 in
1167 2596 1250 2693 Jor-

195 2740 304 2803 nace,
324 2713 372 2783 ab
391 2715 492 2785 omni
510 2712 633 2784 scoria
644 2714 813 2783 oitr'orum
826 2710 1041 2783 omnimodis
1060 2738 1251 2813 excoquere

194 2846 381 2927 satagunt.
398 2828 500 2898 Unde
514 2853 594 2898 reor
599 2851 727 2927 preces
741 2853 861 2898 eorum
874 2827 959 2926 (pro
972 2827 1249 2928 quibuscumque

183 2943 510 3044 fidelibussuerint
526 2944 674 3041 effusae)
691 2959 777 3016 ante
792 2944 956 3017 thronum
972 2944 1108 3019 diuinae
1123 2948 1248 3046 majes-

195 3061 282 3132 tatis
297 3085 385 3133 moc
397 3057 648 3145 conscendere,
666 3074 700 3129 et
714 3057 761 3129 ab
780 3067 859 3159 ipso
876 3086 959 3159 rege
974 3059 1152 3152 Sabaoth,
1173 3089 1249 3160 qua

188 3176 441 3276 poposcerint,
464 3173 656 3247 credenda
672 3189 756 3245 sunt
770 3173 937 3246 obtinere.
958 3181 995 3246 A
1010 3180 1154 3248 secretis
1173 3202 1248 3248 mo·

195 3292 395 3365 naclrorum
417 3320 442 3364 a
460 3293 644 3390 juventute
666 3316 749 3361 mea
773 3291 910 3362 diutius
932 3292 1056 3380 ectiti,
1084 3308 1118 3363 et
1139 3318 1247 3364 mores

193 3435 329 3496 eorum,
335 3406 578 3506 familiariter·
595 3409 760 3494 rimatus,
774 3406 921 3481 edidici.
934 3408 1052 3506 Ergo,
1067 3407 1247 3482 dumom·

195 3529 316 3613 nium,
337 3526 455 3622 quiin
476 3541 569 3596 terra
591 3540 692 3613 sunt,
722 3524 928 3598 mortalium
946 3528 1053 3596 ritum
1076 3525 1243 3614 ducatio,

195 3656 229 3710 et
259 3644 487 3711 eremitarum
512 3655 620 3737 atque
652 3642 911 3712 canonicorum
938 3643 1034 3713 uitas
1059 3640 1247 3740 diligenter

192 3757 371 3854 perspicio
379 3812 392 3843 ,
418 3779 539 3826 omnes
557 3755 813 3826 monachorum
821 3812 835 3845 ,
855 3760 920 3854 qui
936 3761 1111 3829 canonice
1130 3765 1245 3832 vivunt

195 3888 228 3940 et
262 3870 427 3942 ordinate
457 3889 638 3970 reguntur,
670 3875 747 3944 vita
777 3870 961 3978 inferiores
993 3874 1113 3945 video.
1147 3874 1243 3946 Unde
1280 3928 1281 3931 κ

230 4127 267 4192 (r)
288 4129 357 4179 [iser
371 4153 374 4179 z
392 4127 493 4181 llcmor·
505 4125 608 4180 lleoaer‘.
622 4129 694 4182 Gen.
707 4144 790 4195 xxxiv,
807 4148 829 4179 ι.
