2910 4980
497 598 500 604 1
550 515 667 577 enen
688 515 871 593 Qnrnrns.
1193 518 1254 582 aar

191 674 268 729 tum
278 658 333 754 (1)
345 654 529 730 Guillelmi
543 655 587 729 de
596 655 877 729 Grentemaisnil
891 655 1057 728 avunculi
1071 656 1139 745 sui,
1156 656 1254 756 Apu·

191 773 273 846 liam
289 774 407 874 petiit.
424 771 609 845 Mathildis
624 788 743 845 autem
760 789 875 845 mater
892 798 1032 860 eorum,
1050 788 1132 872 post
1152 800 1256 847 mor-

190 906 264 961 tem
278 888 397 960 mariti
412 889 487 980 sui,
501 885 693 988 quemdam
706 888 862 960 tironem
874 886 1092 977 exulantem,
1107 889 1256 963 nomine

191 1004 417 1078 Matbiellum
428 1059 439 1093 ,
458 1005 652 1092 adamavit;
673 1031 753 1077 cum
767 1030 861 1104 quo,
880 1004 1015 1078 relictis
1034 1007 1072 1078 in
1090 1006 1256 1080 Ncustria

190 1121 349 1219 cognatis
376 1135 413 1192 et
438 1121 584 1212 amicis,
614 1122 682 1194 iter
706 1120 1051 1221 Jemsolymitanum
1077 1122 1254 1222 arripuit,

189 1237 384 1338 ambosque
399 1237 498 1311 avida
517 1264 615 1312 mors
631 1236 751 1311 obiter
773 1238 811 1308 in
834 1239 960 1312 eodem
977 1264 1074 1311 anno
1092 1237 1258 1314 celeriter

189 1351 388 1427 absorbuit.
416 1353 621 1428 Mathiellus
642 1355 811 1455 quidem,
840 1354 927 1426 dum
950 1355 1039 1443 iret,
1067 1355 1105 1427 in
1125 1355 1257 1453 Apulia

189 1472 356 1558 decessit3
377 1471 558 1545 Mathildis
575 1498 674 1564 vero,
693 1474 779 1544 dum
797 1471 949 1560 rediret,
967 1473 1082 1571 ioppe
1099 1472 1205 1546 obiit.

238 1587 373 1661 XVlll.
389 1588 495 1660 Nunc
513 1588 556 1661 de
573 1588 758 1677 somnne,
777 1588 908 1688 dequo
920 1592 995 1688 jam
1012 1596 1112 1663 retro
1129 1615 1258 1688 parum

190 1704 290 1802 tetigi
306 1705 382 1801 (2),
401 1704 481 1803 quis
498 1687 608 1776 scierit
624 1704 680 1777 vel
695 1704 850 1803 qualiter
864 1731 926 1777 seu
940 1704 1111 1804 quamdiu
1127 1706 1258 1778 vixerit

189 1819 256 1891 sub
277 1845 404 1892 norma
427 1819 643 1909 monachili,
662 1821 746 1895 volo
764 1820 917 1895 lucidius
934 1849 1091 1896 reserare
1114 1823 1258 1896 lectoris

190 1937 401 2010 intellectui.
420 1939 487 2010 Hic
511 1940 656 2039 ingenio
673 1964 767 2027 acer,
782 1938 973 2039 studioque
986 1942 1152 2038 pertinax
1165 1940 1257 2032 fuit,

189 2071 226 2126 et
256 2055 293 2125 in
323 2051 450 2126 habitu
474 2053 687 2130 monachico
716 2054 792 2130 lere
817 2081 931 2129 xtvtn
955 2058 1058 2130 annis
1084 2058 1196 2146 vixit,
1222 2076 1259 2132 et

191 2171 227 2241 in
252 2168 457 2271 indagandis
474 2170 652 2244 librorum
671 2169 800 2245 abditis
823 2174 1004 2273 mysteriis
1027 2172 1258 2248 vehementer

190 2285 379 2362 laboravit.
404 2286 437 2358 A
459 2289 639 2361 Mainerio
660 2286 788 2362 abbate
804 2290 945 2390 juvenis
967 2306 1170 2389 susceptus,
1191 2291 1256 2364 Ilei

190 2405 283 2479 ovile
310 2405 495 2495 introivit,
522 2405 589 2478 sub
616 2406 765 2481 Serlone
789 2422 826 2480 et
845 2408 1002 2508 Rogerio
1023 2407 1068 2480 ad
1094 2408 1259 2482 sacerdo-

191 2524 282 2596 tium
293 2524 367 2621 jam
386 2538 587 2621 promotus,
607 2522 788 2612 militavit,
803 2523 963 2624 aliosque
978 2523 1134 2598 viriliter
1145 2524 1257 2597 dimi-

191 2667 269 2713 care
280 2638 398 2712 verbis
408 2654 444 2713 et
454 2640 624 2740 exemplis
634 2639 782 2726 docuit,
797 2655 833 2712 et
845 2637 996 2713 Guarini
1011 2637 1149 2714 abbatis
1159 2657 1256 2716 tem-

190 2783 292 2856 pore,
304 2772 341 2829 x⁰
353 2756 424 2828 kal.
436 2757 559 2856 aprilis
570 2758 607 2829 in
617 2757 842 2832 confessione
852 2756 986 2831 Christi
999 2759 1197 2858 occubuit(
1223 2761 1254 2858 ).

191 2873 399 2973 Subprioris
422 2901 544 2947 curam
567 2874 702 2948 diutius
724 2875 848 2975 gessit,
871 2876 1037 2976 vicesque
1059 2874 1197 2949 abbatis
1219 2878 1256 2950 in

191 2993 323 3065 divinae
340 2992 426 3092 legis
440 2992 644 3091 prolatione
661 2992 790 3091 saepius
808 2993 976 3092 explevit.
992 2995 1097 3067 lussu
1112 2995 1257 3095 Rogerii

191 3105 342 3199 abbatis,
359 3107 403 3180 ad
414 3106 605 3181 Urbanum
617 3134 744 3207 papam
757 3134 840 3181 cum
853 3108 1017 3209 deposito
1031 3110 1189 3184 Fulcone
1204 3111 1258 3208 (4)

192 3225 344 3296 Romam
360 3224 447 3295 adiit
456 3254 467 3314 ;
485 3224 522 3295 in
536 3249 611 3324 quo
623 3225 754 3298 itinere
765 3224 860 3296 diras
876 3224 1126 3326 aegritudines,
1140 3226 1259 3325 pluri-

227 3563 266 3633 (1)
287 3563 431 3634 Quartum,
452 3564 606 3619 manuscrit
626 3561 662 3618 de
680 3550 899 3620 Salat-Erroult.
916 3563 953 3617 La
971 3562 1052 3636 iecor
1071 3560 1112 3617 du
1131 3573 1205 3619 texte
1217 3575 1260 3621 est

193 3650 369 3707 visiblement
382 3651 547 3725 preferable.

227 3741 267 3812 (a)
284 3740 440 3812 Cidenas,
455 3761 483 3816 p.
497 3740 550 3817 596
567 3752 597 3798 et
614 3740 675 3811 435.
696 3741 750 3798 Sur
769 3760 801 3798 ec
815 3758 986 3816 personnage
1003 3752 1033 3797 et
1049 3759 1092 3798 ses
1108 3760 1257 3817 ouvrages,

192 3847 275 3903 noyez
287 3830 428 3887 l‘Histoire
441 3833 574 3888 litte‘raire
586 3831 621 3886 de
636 3832 759 3900 Franco,
774 3842 796 3888 t.
812 3850 852 3901 ιι,
867 3851 895 3905 p.
911 3828 1004 3886 15·ao.

227 3918 267 3993 (ὅ)
285 3923 335 3978 Lea
345 3933 457 3978 auteurs
466 3922 501 3980 de
511 3923 652 3980 l'Histoire
666 3923 800 3980 litte'raire
812 3922 848 3978 de
861 3923 971 3978 Franco
981 3922 1092 3996 placent
1105 3932 1151 3978 cet
1162 3925 1262 3981 evene-

194 4020 273 4066 ment
285 4010 311 4066 le
326 4010 361 4068 23
371 4012 439 4068 avril
455 4011 530 4068 1125.
544 4013 622 4068 Nous
633 4030 753 4086 pensons
762 4013 847 4087 qu'au
858 4013 916 4068 lien
927 4010 966 4066 du
980 4009 1015 4068 23
1026 4011 1094 4067 avril
1107 4010 1128 4067 il
1140 4012 1201 4070 laut
1211 4015 1264 4071 lire

198 4100 225 4157 le
238 4100 272 4157 25
283 4122 373 4173 mars,
387 4105 608 4161 conformement
618 4107 634 4159 a
645 4102 818 4160 l'indication
829 4103 865 4159 de
877 4113 958 4159 notre
968 4113 1075 4158 auteur.

232 4193 271 4264 (4)
290 4192 446 4268 Foulques,
469 4193 539 4250 abbe
558 4193 595 4251 de
616 4192 1200 4250 NotreDamedeSaint-Pierreeurllive.
1222 4193 1264 4251 Ce

198 4300 302 4357 voyage
313 4295 362 4340 ent
371 4284 428 4340 lien
441 4303 476 4340 en
492 4284 675 4360 1092.v0yez
688 4283 843 4354 ci-detsut,
855 4283 876 4339 l.
891 4299 929 4354 tv,
944 4301 973 4357 p.
991 4279 1052 4357 293.
