2926 4980
563 434 680 496 LIBER
701 434 885 511 QUINTUS.
929 490 931 494 s
1206 438 1267 499 333

197 557 288 632 feste
310 555 434 656 prodit
452 576 542 655 'qnae
566 583 652 656 gens
675 557 735 629 illa
756 557 886 646 fuerit,
912 557 968 630 vel
990 557 1086 631 unde
1102 560 1264 648 venerit,

196 672 271 746 sive
287 670 355 745 sub
367 697 442 772 quo
454 671 619 771 principe
635 671 692 746 vel
706 687 865 772 tyranno
877 673 1052 762 saevierit3
1068 699 1149 774 quae
1167 675 1265 749 into-

197 786 396 862 lerabiliter
410 787 629 868 Christianos
647 805 683 863 et
698 788 866 863 idolatras
880 791 1110 890 oppresserit.
1125 792 1167 864 1n
1180 791 1266 891 plu-

196 903 300 976 rimis
320 919 439 977 tamen
457 906 564 1003 gestis
581 905 799 978 Sanctorum
816 905 912 978 illius
933 907 1105 1006 temporis
1125 905 1265 1007 liquido

195 1019 346 1119 patescit
366 1021 464 1119 quod
481 1020 550 1093 sub
567 1018 749 1119 praedictis
764 1020 990 1121 principibus
1011 1021 1156 1123 quidam
1177 1049 1265 1096 cru-

195 1136 285 1210 delis
301 1151 338 1210 et
353 1135 528 1210 barbarus
541 1138 718 1213 exercitus
730 1163 883 1237 regnum
898 1136 1025 1212 Galliae
1040 1140 1148 1212 nimis
1161 1143 1266 1214 attri-

196 1251 303 1325 verit.
326 1255 381 1327 Eo
402 1268 565 1352 tempore
584 1251 706 1325 nullus
723 1279 785 1327 rex
808 1253 846 1325 in
865 1252 979 1327 Gallia
997 1269 1092 1343 erat,
1115 1255 1176 1330 sed
1192 1257 1264 1328 im-

195 1386 342 1469 perator
358 1372 643 1445 Romanoruma
667 1369 753 1444 Caio
772 1371 871 1445 Julio
887 1371 1024 1446 Caesare
1041 1372 1263 1472 Cis-Alpinis

194 1485 367 1561 omnihus
393 1487 608 1586 imperabat,
638 1502 675 1561 et
696 1486 865 1588 praesides
888 1487 1044 1589 aliasque
1070 1504 1263 1587 potestates

194 1604 344 1704 singulis
359 1602 511 1677 urbibus
527 1604 572 1677 ad
587 1602 734 1677 libitum
751 1630 855 1677 suum
872 1602 1061 1705 dirigebat.

243 1720 437 1794 Silentium
458 1719 502 1793 de
528 1721 608 1794 Deo
629 1746 801 1820 magnum
828 1719 901 1795 fnit
922 1721 960 1793 in
987 1719 1152 1795 Neustria
1179 1739 1262 1822 post

195 1832 338 1911 obitum
364 1837 476 1909 sancti
505 1836 667 1935 praesulis
691 1836 866 1928 Taurini,
895 1836 1075 1936 usquead
1101 1853 1262 1937 tempora

196 1953 410 2029 Diocletiani
433 1969 471 2027 et
493 1953 721 2041 Maximiani3
745 1979 764 2024 a
789 1952 923 2053 quibus
943 1953 1034 2027 sacta
1055 1971 1109 2027 est
1126 1955 1262 2028 decima

196 2069 313 2144 clades
323 2069 459 2145 furoris
469 2068 651 2158 diabolici,
666 2094 748 2169 quae
760 2069 903 2168 gravius
914 2095 954 2142 ac
966 2069 1173 2142 diuturnius
1184 2070 1262 2143 aliis

196 2187 312 2262 saeviit
321 2189 358 2261 in
372 2189 567 2262 Ecclesiam
579 2186 725 2260 Christi.
737 2187 918 2259 Caeterum
930 2186 1004 2273 ille,
1015 2187 1079 2287 qui
1090 2188 1162 2259 suis
1170 2214 1262 2260 sem-

195 2329 261 2403 per
274 2303 519 2410 sealluturum
527 2329 600 2377 esse
612 2301 791 2404 promisit,
812 2302 849 2374 in
861 2301 1044 2376 immensis
1057 2300 1263 2376 tribulatio-

195 2447 287 2494 num
306 2420 473 2520 procellis
497 2446 663 2520 sponsam
686 2445 786 2492 suam
809 2416 1023 2492 mirabiliter
1040 2419 1262 2494 confortavit

194 2562 236 2610 ac
258 2535 444 2626 liberavit,
469 2537 628 2637 protexit
653 2562 694 2608 ac
717 2535 902 2624 exaltarit,
928 2550 965 2608 et
985 2532 1261 2610 honorabilibus

195 2651 387 2752 triumphis
404 2653 522 2752 palam
537 2651 791 2752 magnificavit.
812 2653 964 2750 insuper
981 2665 1121 2725 aeterno
1137 2649 1261 2726 diade-

194 2785 291 2844 mate
308 2794 429 2844 coram
452 2785 552 2868 patre
572 2794 638 2844 suo
656 2768 695 2841 in
714 2767 852 2842 coelesti
869 2766 1064 2841 Jerusalem
1085 2792 1260 2842 remune-

194 2885 304 2960 rabit.
330 2888 429 2987 Ergo
450 2912 559 2987 quam
578 2900 721 2958 tantum
737 2884 874 2985 diligit,
897 2884 993 2958 inter
1009 2883 1121 2956 furias
1137 2910 1260 2984 perse-

194 3003 387 3106 quentium
404 3001 605 3103 pedagogis
618 3000 819 3074 illustribus
830 3002 997 3092 destitui,
1017 3000 1080 3075 diu
1100 3026 1175 3076 non
1193 3003 1260 3076 de-

195 3118 288 3218 siit(
311 3120 344 3219 )

244 3237 341 3309 Dum
353 3236 488 3311 decima
502 3236 702 3335 persecutio
713 3261 779 3335 per
791 3235 915 3309 decem
927 3257 1041 3306 annos
1049 3231 1260 3306 Christianis

195 3353 342 3429 fortiter
370 3355 599 3443 immineret,
629 3369 665 3427 et
696 3353 884 3451 innumera
914 3365 1119 3450 martyrum
1147 3349 1257 3422 millia

193 3472 318 3547 multis
339 3471 600 3571 suppliciorum
615 3467 807 3570 generibus
831 3465 1046 3555 trucidaret,
1070 3482 1106 3541 et
1128 3491 1261 3541 cruore

194 3591 354 3690 pretioso
381 3589 536 3690 gloriose
561 3587 726 3677 decorata
759 3585 803 3658 ad
828 3584 941 3658 coelos
971 3585 1255 3672 transmitteret,

194 3705 392 3800 Quintinus
408 3721 445 3778 et
460 3705 636 3776 Lucianns
645 3757 658 3792 ,
675 3701 907 3789 Valerianus,
921 3699 1074 3774 Rufinus
1085 3715 1122 3773 et
1138 3701 1259 3802 Euge-

192 3823 297 3916 nius,
313 3823 492 3897 Mallonus
509 3839 546 3897 et
567 3821 780 3909 Aricianus,
801 3819 933 3920 aliique
957 3818 1077 3918 plures
1093 3817 1137 3894 de
1159 3818 1260 3893 clero

227 4117 238 4188 (
245 4118 269 4188 ι)
284 4117 365 4173 Cette
377 4117 478 4190 phrase
494 4133 565 4171 nous
578 4115 668 4188 parsit
678 4116 754 4171 avoir
767 4134 806 4171 un
820 4134 882 4174 sens
898 4117 1114 4191 completement
1128 4121 1264 4194 opponet

192 4204 267 4262 celui
280 4207 344 4282 qu'a
355 4206 441 4264 voulu
453 4206 593 4280 exprimet
605 4215 687 4262 notre
699 4215 810 4263 sutem.
