2910 4980
197 383 257 443 274
474 379 658 440 HISTORIA
679 379 983 441 uectuslasrlca.
1100 383 1262 465 [oss-71⁴]

246 500 345 576 Alios
368 499 457 573 duos
484 498 632 588 fratres,
656 500 755 599 quod
778 499 880 573 binas
907 500 1066 574 llasculas
1090 503 1179 577 celia
1205 506 1262 603 (r)

195 618 357 717 impletas
384 613 452 688 sub
477 616 626 717 palustri
653 614 800 692 sablone
826 616 1114 709 abscondissent,
1141 621 1262 695 incre-

193 751 276 835 pat,
304 736 424 837 eisque
442 759 510 832 pro
535 748 633 805 tauta
655 734 722 805 viri
744 732 809 807 Dei
829 735 1015 835 sagacitate
1033 737 1262 836 stupentibus

195 867 231 926 et
248 851 294 925 ad
310 849 428 925 solum
444 848 634 948 prostratis
653 847 859 950 benigniter
876 849 1037 924 indulsit.

243 967 349 1039 Fama
375 962 419 1037 de
447 961 555 1037 beato
584 961 763 1038 Guthlaco
791 963 898 1064 longe
928 964 1070 1065 lateque
1098 967 1263 1043 celeriter

196 1082 362 1170 volante,
387 1080 491 1155 multi
514 1079 557 1151 ad
574 1106 656 1153 eum
673 1082 825 1154 veniunt
843 1081 1067 1156 diversorum
1089 1085 1264 1159 ordinum

196 1202 352 1300 gradus:
372 1196 534 1284 abbates,
553 1196 744 1285 monachi,
765 1199 932 1286 comites,
956 1199 1103 1291 divites,
1125 1206 1260 1294 vexati,

193 1338 436 1417 pauperesque
445 1312 671 1412 de'proximis
681 1314 904 1388 Merciorum
911 1313 1044 1387 linibus
1053 1333 1089 1390 ct
1097 1317 1263 1397 deremo

194 1434 241 1505 tis
253 1430 451 1505 Britanniae
464 1428 637 1528 partibus,
652 1456 720 1528 pro
734 1431 845 1505 salute
863 1434 1025 1530 corporis
1041 1451 1104 1506 aut
1116 1436 1260 1511 animm.

194 1544 242 1620 Et
251 1524 403 1648 quisq¹ue
417 1543 466 1632 id,
483 1569 551 1642 pro
563 1569 638 1644 quo
648 1543 802 1619 fideliter
811 1562 970 1635 venerat,
988 1547 1182 1624 salubriter
1196 1549 1264 1627 ob-

196 1662 347 1738 tinebat.
379 1664 550 1760 Qrotus
574 1661 672 1734 enim
691 1662 908 1754 remedium,
937 1664 1047 1738 tristis
1068 1664 1261 1765 gaudium,

195 1782 379 1881 poenitens
392 1778 690 1869 consolationem,
704 1794 739 1852 et
749 1781 900 1880 quisque
909 1785 1034 1855 anxius
1046 1784 1263 1887 percipiebat

195 1898 459 1973 alleviationem
481 1923 545 1994 per
570 1895 637 1967 viri
662 1896 726 1969 Dei
751 1898 1007 1973 allocutionem
1030 1916 1067 1974 et
1089 1904 1263 1979 efficacem

198 2015 413 2101 orationem.

246 2130 362 2221 Obba,
373 2157 491 2205 comes
501 2131 628 2231 inclyti
637 2131 750 2204 exulis
761 2132 946 2207 Edelbaldi
955 2188 966 2222 ,
976 2134 1062 2208 dum
1071 2164 1137 2236 per
1149 2164 1266 2239 agres-

199 2252 248 2323 tia
266 2276 349 2321 rura
365 2246 589 2346 graderetur,
606 2248 719 2346 spinae
736 2248 879 2323 latentis
895 2248 962 2321 sub
981 2250 1101 2325 herbis
1120 2254 1267 2329 inculte

202 2365 340 2440 telluris
358 2363 473 2435 fixura
492 2364 529 2433 iu
545 2361 633 2459 pede
647 2363 751 2435 laesus
768 2381 820 2436 est
830 2393 840 2451 ;
862 2367 909 2436 ita
927 2379 999 2437 uta
1016 2367 1138 2466 planta
1155 2396 1267 2471 usque

200 2484 246 2558 ad
270 2479 413 2555 lumbos
440 2496 558 2551 totum
585 2505 715 2578 corpus
743 2482 816 2580 ejus
842 2498 1077 2575 tumesceret,
1099 2513 1166 2561 nee
1185 2514 1268 2563 atam

200 2625 317 2674 novus
330 2576 436 2671 dolor
445 2593 579 2682 sedere,
593 2595 650 2669 vel
663 2613 769 2684 stare,
783 2596 838 2670 vel
850 2603 967 2696 jacere
979 2602 1102 2702 quiete
1114 2604 1264 2693 sineret;

202 2714 298 2789 unde
321 2713 381 2784 vix
398 2712 628 2784 Grulandiam
645 2715 822 2809 pervenit.
844 2718 932 2787 Mox
949 2733 991 2788 ut
1006 2717 1049 2790 ad
1067 2721 1190 2794 virum
1206 2723 1268 2799 uei

202 2828 396 2932 perductus
410 2845 480 2916 est,
497 2844 533 2901 et
545 2855 646 2901 causa
661 2832 856 2905 vexationis
870 2861 912 2908 ex
926 2834 1055 2910 ordine
1067 2839 1179 2912 relata
1195 2858 1268 2929 est,

205 2944 402 3019 Guthlacus
419 2944 551 3017 luterio
565 2945 750 3020 melotinae
763 2949 840 3047 (a),
861 2951 897 3021 iu
912 2977 985 3051 quo
999 2953 1137 3027 solebat
1148 2981 1269 3043 orare,

207 3067 323 3164 ipsum
343 3061 595 3150 circumdedit,
614 3066 807 3165 statimque
824 3066 923 3141 dicto
941 3071 1045 3143 citius
1063 3074 1206 3171 spinula
1225 3074 1270 3149 de

207 3178 296 3278 pede
315 3181 410 3276 ejus,
430 3176 528 3249 velut
548 3180 672 3277 sagitta
693 3178 737 3250 ab
757 3208 841 3253 arcu
861 3183 1022 3275 demissa,
1038 3188 1180 3263 resiliit.
1200 3192 1270 3265 Ea-

206 3298 287 3370 dem
306 3296 424 3393 itaque
439 3293 640 3378 horaomni
658 3295 810 3371 humore
826 3299 946 3375 sedato
960 3328 1054 3402 aeger
1065 3307 1269 3396 convaluit,

209 3432 245 3488 et
257 3417 333 3487 Deo
345 3414 474 3511 gratias
486 3439 568 3484 cum
583 3411 637 3485 his
649 3416 711 3512 qui
728 3414 794 3488 boc
811 3417 993 3507 viderant,
1010 3421 1113 3494 laetus
1130 3425 1269 3499 retulit.

259 3528 450 3623 Quondam
462 3529 601 3602 Headda
614 3531 744 3627 praesul
753 3534 807 3630 (ὅ)
818 3560 901 3605 cum
911 3534 1125 3634 quibusdam
1134 3540 1272 3615 clericis

242 3776 252 3841 (
259 3778 281 3841 ι)
300 3773 402 3846 Espece
415 3771 450 3827 de
461 3772 538 3827 bilre
555 3772 623 3827 dans
636 3773 662 3827 la
674 3777 852 3847 preparation
865 3777 900 3833 de
912 3778 1029 3854 laquelle
1042 3783 1062 3838 il
1075 3787 1166 3857 parait
1176 3788 1270 3863 quale

208 3863 253 3917 hle
266 3864 334 3917 etait
347 3860 473 3934 employa}
485 3879 521 3914 au
531 3861 586 3915 lieu
601 3861 706 3935 d'orgc.

243 3953 281 4020 (a)
300 3952 471 4004 Courerture
482 3948 516 4002 de
529 3947 563 4002 lit
575 3949 609 4003 de
622 3969 708 4022 peaux
722 3951 884 4025 d'agneaux.

244 4035 282 4104 (5)
302 4038 379 4091 Saint
397 4036 510 4103 Hedda,
527 4037 629 4110 cuique
643 4038 677 4092 de
691 4040 857 4096 Dorclacster
870 4042 970 4118 (6767
981 4045 1073 4115 juillet
1088 4047 1165 4122 705).
1183 4051 1270 4124 Voyea

209 4129 247 4182 les
262 4133 334 4182 Acta
350 4131 401 4183 SS.
416 4130 522 4184 ordinis
538 4131 565 4182 S.
582 4130 735 4187 Benedicti.
753 4151 816 4186 saec.
833 4151 876 4199 ιιι,
892 4153 919 4207 p.
938 4155 960 4187 ι.
