2910 4980
212 406 272 467 aas
487 405 671 465 mstoms
694 404 998 467 ucctususmcs.
1170 410 1276 489 [toro]

210 528 348 599 cruoris
367 525 585 600 truculenter
604 530 797 628 rapuistis,
816 555 892 626 qua
909 530 1049 599 ratione
1065 528 1157 601 mibi
1170 530 1277 602 aliis·-

210 671 280 742 que
299 643 600 744 contemptoribus
626 645 773 730 muudi,
798 650 862 744 qui
883 642 1009 746 sponte
1026 670 1101 746 pro
1130 646 1276 721 Cluisto

208 760 342 831 nudati
353 786 477 832 sumus
489 761 669 861 propriis,
688 764 766 834 sine
781 760 892 862 culpa
909 762 1089 862 impartzii
1098 762 1276 863 potestis?

212 875 403 948 Generalis
431 877 590 947 omnium
616 876 866 975 religiosorum
892 876 953 949 lex
977 892 1050 967 est,
1079 905 1105 950 a
1132 881 1275 979 tupim's

207 988 407 1079 abstinere,
426 989 523 1062 etde
537 990 672 1092 prada
689 991 871 1089 (etiamsi
886 992 1057 1090 offirtur)
1071 1018 1144 1092 pro
1154 994 1274 1093 justi-

207 1106 267 1177 tire
283 1104 510 1178 observantia
521 1104 618 1177 nolle
633 1108 803 1205 recipere.
822 1106 926 1178 Dicit
941 1108 1039 1178 enim
1054 1105 1271 1208 Scriptura:

206 1223 400 1296 lmmotans
418 1248 461 1294 ex
479 1223 625 1323 iniquo,
645 1220 784 1296 oblatio
803 1237 855 1296 cst
873 1223 1060 1295 maculata.
1084 1225 1137 1296 Et
1152 1208 1274 1325 paulo

198 1358 312 1442 post:
329 1340 399 1433 Qui
419 1339 527 1412 offert
543 1338 758 1413 sacrificium
776 1367 820 1414 ex
837 1338 1032 1413 substantia
1051 1365 1269 1439 pauperum,

204 1458 303 1558 quasi
320 1458 383 1558 qni
399 1457 562 1528 victimat
579 1456 755 1541 tiliumin
773 1473 967 1555 conspectu
991 1457 1102 1555 patris
1123 1458 1177 1529 sui
1195 1458 1214 1556 (
1237 1458 1269 1555 ).

203 1576 299 1647 Hac
307 1588 342 1647 et
350 1572 408 1645 tus
419 1573 559 1646 similia
572 1573 707 1647 dimna
718 1572 810 1674 legis
820 1575 1013 1673 praconia
1018 1588 1268 1674 pertractans,

154 1726 158 1737 ·
202 1678 404 1795 expavesco
415 1712 444 1781 ,“
460 1709 494 1764 et
523 1708 637 1763 totam
665 1691 852 1790 Angliam..
870 1694 980 1791 quasi
1006 1690 1272 1792 amplissimam

198 1808 368 1911 proedam
396 1808 585 1909 dijudico,
614 1813 804 1908 ipsamque
830 1834 914 1881 cum
939 1811 1046 1907 gazis
1069 1812 1146 1881 suis
1168 1808 1272 1883 veltet

202 1925 323 2021 ignem
345 1923 530 1997 ardentem
554 1924 762 2023 contingere
772 1923 955 2020 formido.
981 1924 1145 2022 thuia
1166 1924 1269 1999 Deus

193 2038 300 2140 jubet
325 2055 364 2113 ut
392 2040 545 2139 quisque
568 2044 780 2140 proximum
801 2066 910 2112 suum
933 2038 1067 2136 diligat
1089 2042 1186 2113 sicut
1207 2066 1269 2115 se-

199 2156 339 2255 ipsum,
357 2158 436 2229 sine
453 2155 542 2229 dolo
559 2154 682 2229 dicam
703 2155 807 2230 uobis
830 2154 873 2226 id
891 2155 993 2254 quod
1013 2154 1267 2229 milti'coelitus

198 2288 250 2345 est
282 2273 452 2346 inditum.
486 2272 598 2372 Quod
628 2271 718 2345 mibi
748 2272 836 2345 utile
869 2299 961 2361 reor,
991 2272 1094 2347 uobis
1127 2300 1268 2375 quoque

196 2388 343 2462 salubre
360 2389 528 2495 arbitror.
549 2391 653 2488 Ergo
670 2390 772 2489 quod
788 2388 1030 2461 amicabiliter
1044 2388 1179 2488 loquar
1195 2416 1267 2463 non

195 2500 547 2577 uideaturit'marum
554 2539 569 2591 ;
579 2504 647 2577 sed
660 2521 712 2593 tu,
725 2521 866 2583 strenue
872 2507 1057 2605 princeps,
1071 2521 1106 2577 et
1115 2510 1265 2579 commi·

197 2619 326 2693 litones
343 2623 414 2711 tui,
432 2624 497 2721 qui
506 2647 619 2721 grave
636 2638 753 2694 tecum
770 2622 925 2692 inierunt
938 2620 1160 2719 periculmn,
1174 2648 1265 2695 nos-

196 2755 262 2809 tra
279 2739 540 2813 admonitionis
566 2738 721 2838 benigno
742 2738 853 2811 corde
872 2739 1044 2838 suscipite
1065 2737 1261 2836 eloquium.

198 2852 322 2953 Opera
337 2854 412 2925 Dei
427 2855 567 2926 cunctis
583 2853 711 2926 diebus
727 2856 815 2926 niteo
826 2869 958 2926 vestra
971 2855 1158 2951 sagaciter
1172 2880 1264 2927 con-

193 2968 375 3057 siderate,
403 2985 438 3040 et
458 2969 610 3068 judicia
635 2973 712 3071 ejus
721 3025 736 3058 ,
763 2994 848 3069 qua?
879 2968 1263 3069 incomprehensibilia

193 3103 295 3174 sunt,
312 3091 351 3158 in
367 3086 531 3159 omnibus
549 3086 718 3188 operibus
735 3088 863 3159 uestn's
881 3087 1019 3174 timete,
1044 3102 1079 3157 et
1096 3088 1153 3160 sic
1176 3114 1262 3161 oes-

194 3221 286 3276 tram
315 3205 431 3276 vitam
461 3230 570 3303 aqua
603 3203 710 3276 lance
736 3201 918 3275 moderari
951 3201 1005 3273 ad
1039 3201 1263 3277 solenitatem

192 3320 264 3390 Dei
290 3323 477 3419 satagite,·
504 3336 542 3391 ut
572 3320 650 3420 ipse
681 3317 816 3389 arbiter
839 3332 1014 3406 aumas,
1043 3321 1105 3415 qui
1137 3325 1262 3393 omnia

186 3437 288 3535 juste
309 3435 486 3536 disponit,
501 3435 702 3536 placabilis
719 3437 766 3508 sit
788 3433 892 3507 uobis
908 3439 948 3505 in
974 3432 1099 3507 ultimo
1121 3433 1261 3507 descri-

192 3552 301 3622 mine.
317 3551 362 3623 N
360 3577 409 3624 on
424 3578 490 3623 uos
504 3551 693 3650 decipiant
708 3548 919 3623 adulatores
933 3576 1035 3621 oana
1046 3554 1259 3641 securitate,

192 3690 259 3739 nec
279 3667 474 3739 insolenter
487 3693 558 3768 pro
576 3666 746 3739 secundis
764 3664 943 3738 eventibus
958 3667 1153 3767 proesentis
1175 3670 1260 3743 vita

190 3811 258 3856 vos
277 3783 456 3856 lethaliter
472 3783 678 3856 obdormire
698 3784 881 3856 suadeant
902 3784 939 3854 in
960 3782 1151 3885 mundana
1163 3812 1259 3887 pro-

226 4092 234 4151 (
242 4089 264 4158 ι)
285 4089 472 4141 lt'cclcsiastic.
488 4105 571 4155 xxxiv,
585 4108 614 4143 'tt
631 4101 659 4143 et
673 4096 715 4155 24.
