2910 4980
194 420 255 478 212
472 412 656 473 euroin
678 411 984 475 EcctAEsltsthl.
1054 413 1263 490 [totototo]

195 536 280 607 tiani
301 533 400 607 orbis
416 548 523 628 caput
539 532 744 605 sollicitavit
761 532 918 630 epistolis
925 574 936 618 ,-
956 548 992 605 et
1009 547 1157 630 precatu
1174 532 1264 623 reti·

194 678 280 725 nere
294 667 419 724 conata
432 663 530 722 estet
542 652 591 720 ri.
608 650 668 720 Sic
679 649 850 721 omnibus
859 650 1007 721 emicuit
1023 647 1259 735 honorabilis,

193 798 302 870 quem
317 770 432 840 virtus
449 782 487 840 et
502 768 674 866 sapientia
691 765 876 840 decorarat
890 767 1061 866 specialis.

243 884 456 959 Sedunensis
474 885 586 984 igitur
602 885 802 982 episcopus,
818 901 1011 985 postquam
1027 884 1260 986 stigandum,

193 1018 233 1076 ut
247 1007 322 1102 jam
336 1002 475 1075 dictum
489 1018 541 1074 est
548 1055 558 1087 ,
576 1000 762 1098 deposuit,
781 1002 1025 1074 Lanlrancum
1041 1002 1085 1074 ad
1101 1003 1262 1101 regimen

191 1118 398 1220 pontificale
426 1119 615 1202 invitavit,
640 1133 676 1189 et
705 1118 742 1189 in
769 1117 921 1192 consilio
946 1119 1201 1218 episcoporum
1221 1143 1262 1190 ao

187 1235 362 1307 abbatum
371 1234 608 1308 Normanniae
621 1234 835 1332 petitionem
853 1235 1021 1306 Ecclesiae
1039 1234 1102 1308 Dei
1121 1233 1262 1308 denun-

192 1355 307 1426 tiavit.
328 1353 392 1426 llle
408 1368 528 1425 autem
545 1349 776 1450 perturbatus
795 1366 867 1423 tam
885 1378 992 1451 grave
1008 1351 1076 1426 sihi
1093 1378 1189 1427 onus
1201 1379 1265 1426 ex·

191 1473 338 1558 timuit,
357 1487 395 1542 et
411 1468 573 1542 inducias
588 1468 634 1540 ad
650 1466 925 1540 deliberandum
940 1471 1066 1569 petiit,
1083 1467 1266 1541 indubita-

193 1604 270 1660 tum
291 1604 417 1660 tenens
433 1584 532 1685 quod
548 1584 656 1657 simul
677 1586 729 1658 ire
742 1610 818 1658 non
831 1603 950 1685 posset
964 1585 1131 1659 monachi
1147 1585 1264 1659 otium

188 1720 228 1776 et
244 1700 506 1800 archipraesulis
524 1700 725 1799 negotium.
741 1698 861 1772 Abbas
875 1701 1072 1775 Herluiuus
1090 1702 1261 1801 imperat,

189 1821 248 1894 cui
274 1817 517 1892 obsecundare
541 1817 641 1889 velut
665 1816 811 1891 Christo
838 1817 988 1891 solebat.
1018 1820 1154 1919 Regina
1179 1844 1264 1892 cum

191 1935 268 2008 filio
281 1934 450 2034 principe
473 1948 652 2032 precatur.
678 1937 829 2030 Majores
846 1959 992 2035 quoque
1019 1934 1099 2008 ideo
1118 1934 1261 2009 collecti

190 2053 349 2125 studiose
369 2050 576 2124 hortantur.
595 2050 678 2123 Non
698 2048 826 2122 abnuit
843 2052 903 2124 ille
921 2053 1098 2151 praecipiti
1116 2066 1262 2126 senteu-

192 2171 259 2260 tia‚
275 2171 360 2272 quia
374 2194 483 2242 omne
496 2168 632 2239 factum
646 2184 682 2239 et
695 2167 833 2239 dictum
846 2171 921 2266 ejus
933 2169 1161 2242 discretionis
1173 2167 1266 2241 diri·

188 2286 296 2389 gebat
310 2313 452 2361 norma.
468 2283 721 2358 Obedientiam
734 2285 917 2359 offendere
930 2302 1050 2372 cavet,
1064 2286 1173 2359 simul
1187 2301 1267 2359 tau·

193 2420 249 2476 tos
272 2403 334 2503 qui
364 2417 514 2502 rogent,
544 2400 689 2487 favent,
719 2400 970 2474 adhortantur.
999 2403 1154 2474 Moestus
1179 2426 1267 2502 ergo

193 2539 293 2594 trans
312 2546 410 2592 mare
429 2518 527 2590 vadit
542 2533 750 2590 excusatum
768 2546 821 2604 sc,
841 2546 987 2616 sperans
1001 2519 1267 2619 jocunditatem

194 2640 232 2711 in
260 2637 476 2711 reversione.
508 2637 585 2707 Rex
614 2661 697 2707 cum
723 2635 853 2734 gaudio
881 2636 1081 2733 adjutorem
1109 2635 1266 2710 culturae

189 2755 406 2828 Christianae
424 2768 630 2825 reverenter
647 2752 821 2850 suscepit,
841 2768 879 2824 et
895 2752 1123 2825 excusatione
1141 2751 1265 2825 reluc-

191 2888 331 2944 tantem
347 2869 548 2942 humilitate
565 2885 601 2941 et
618 2871 799 2966 majestate
816 2867 967 2967 pulchre
985 2895 1149 2970 pugnans
1165 2868 1263 2944 deri·

192 2988 281 3085 cit(
307 2987 332 3082 ).

229 3283 268 3357 (r)
287 3281 435 3348 lanfranc,
448 3284 528 3354 apres
542 3283 618 3336 avoir
636 3281 765 3352 sejourne
783 3280 904 3354 quelque
917 3291 1006 3354 temps
1018 3283 1033 3335 ‘a
1046 3282 1220 3353 Avraucheo,
1235 3302 1264 3340 ae

193 3371 288 3427 rendit
300 3389 336 3425 au
350 3371 404 3426 bec
417 3389 453 3424 en
469 3375 545 3437 tota.
560 3370 680 3425 Nomme
692 3371 789 3442 prieur
800 3369 835 3424 de
849 3387 880 3424 ce
895 3371 1050 3424 monestere
1063 3389 1098 3424 en
1114 3369 1198 3439 1045,
1214 3371 1265 3448 ily

193 3460 286 3515 ouvrit
298 3475 349 3513 son
365 3457 440 3513 ecole
454 3456 702 3512 immediatement.
717 3457 766 3511 Les
781 3456 855 3512 deux
868 3457 987 3512 conciles
997 3459 1065 3512 cites
1082 3459 1132 3526 ici,
1147 3469 1179 3514 et
1194 3458 1265 3517 daut

193 3547 311 3623 lesquels
321 3547 342 3602 il
350 3548 440 3602 re'suta
452 3547 491 3602 les
501 3565 612 3602 erreurs
619 3546 654 3601 de
664 3547 810 3620 berenger,
820 3546 992 3601 archidiaere
1001 3546 1148 3621 d’Angers,
1162 3559 1265 3606 eurent

193 3635 250 3692 lieu
262 3656 298 3691 en
314 3634 394 3703 1050,
408 3636 434 3691 le
446 3637 569 3710 premier
580 3637 660 3710 apres
672 3636 792 3709 quues,
805 3647 834 3691 et
845 3636 917 3692 celui
931 3635 966 3690 de
977 3637 1088 3693 Verceil
1101 3657 1137 3694 au
1146 3638 1264 3696 molada

194 3723 359 3797 septembre.
379 3723 404 3778 ll
420 3734 462 3777 est
473 3722 531 3778 fort
547 3723 670 3779 douteux
681 3742 737 3797 que
752 3724 887 3778 lanfranc
903 3724 942 3778 ait
955 3724 1050 3779 assiste
1060 3744 1095 3779 au
1105 3726 1216 3782 concile
1228 3726 1264 3784 de

194 3812 377 3867 Tours.Mais
388 3812 408 3866 il
422 3818 585 3869 setrouvah
601 3813 673 3869 celui
683 3813 718 3869 de
727 3813 818 3868 Rome
833 3832 869 3869 eu
882 3814 950 3869 avn‘l
971 3814 1054 3889 1059,
1070 3819 1107 3871 ott
1122 3818 1264 3893 berenger

193 3897 237 3952 lut
249 3901 390 3954 contraint
406 3899 546 3971 d'abjurer
560 3920 602 3957 ses
616 3901 766 3957 doctrines.
785 3902 843 3957 Son
858 3902 994 3975 principal
1011 3904 1095 3959 traite'
1107 3915 1208 3962 contre
1219 3916 1265 3965 cet

192 3986 386 4064 he'resinque,
402 3991 504 4065 auquel
519 3991 539 4045 il
553 3991 647 4046 donna
660 3992 686 4047 le
700 3993 766 4046 titre
776 4009 850 4046 assez
861 3991 967 4047 bizarre
976 3992 1012 4047 de
1024 3993 1112 4048 Liber
1121 3995 1265 4051 Scintilla·

221 4093 268 4143 un,
282 4078 350 4131 mus
362 4080 411 4153 qui
421 4091 463 4137 est
473 4083 701 4136 communement
713 4080 811 4154 appele
825 4081 866 4133 De
879 4081 1000 4153 Corpore
1014 4093 1042 4136 et
1053 4087 1195 4156 sanguine
1207 4085 1265 4141 Do·

252 4166 376 4232 1⁰‚utde
393 4188 469 4245 1079.
