2910 4980
189 397 298 474 [soso]
558 395 676 458 umen
697 397 881 474 Qumsos.
1200 404 1261 466 317

190 542 325 590 uxores
336 533 533 617 parentum
549 543 718 606 suorum,
736 522 898 623 episcopi
917 525 1136 594 canonicam
1148 526 1258 624 justi·

189 634 280 705 tiam
297 648 536 732 exequantur.
558 635 642 706 Rec
661 638 756 744 enirn
774 636 861 708 inde
878 636 1019 709 nullum
1034 642 1185 713 sustinet
1201 645 1261 715 uel

190 766 322 841 tuetur,
348 749 416 824 sed
433 752 560 853 potius
582 754 773 853 episcopos
795 753 1009 854 adjurando
1030 755 1200 830 admonet
1223 777 1261 832 ut

191 866 254 939 lec
270 868 347 940 Dei
350 866 511 967 firmiter
526 883 700 940 teneatur.

242 985 508 1085 &Presbyteri
519 985 683 1075 diaconi,
693 986 916 1060 subdiaconi
922 1006 957 1061 et
964 1015 1084 1063 omnes
1094 997 1263 1066 canonici

191 1119 224 1175 et
241 1102 377 1176 decani
393 1103 534 1175 nullam
549 1105 697 1175 omnino
707 1103 895 1201 seminam
912 1104 1082 1179 babeant.
1102 1108 1214 1201 Quod
1229 1112 1264 1182 si

191 1221 330 1319 aliquis
344 1237 430 1321 post
448 1220 614 1292 eamdem
630 1220 778 1321 culpam
793 1223 897 1293 visus
908 1223 1031 1318 fuerit
1049 1226 1259 1316 incurrisse,

191 1337 226 1407 si
238 1361 310 1437 per
326 1337 505 1408 ministros
522 1338 683 1436 episcopi
698 1335 784 1408 inde
796 1339 900 1437 prius
908 1334 1030 1436 suerit
1045 1356 1241 1413 accusatus
1246 1395 1259 1430 ,

192 1454 231 1525 in
245 1455 352 1527 curia
364 1454 528 1554 episcopi
538 1479 577 1525 se
584 1452 774 1553 purgabit.
787 1452 833 1525 Si
840 1481 925 1527 uero
931 1456 1263 1558 parroolrianorum

191 1568 255 1644 uel
266 1567 494 1643 dominorum
506 1595 655 1642 suorum
665 1569 800 1670 aliquis
812 1595 894 1641 eum
903 1576 1008 1672 prius
1019 1576 1261 1664 accusaverit,

192 1685 328 1760 habear
343 1702 539 1760 accusatus
553 1685 725 1759 inducias
743 1701 782 1757 ut
795 1712 876 1759 cum
891 1689 1064 1789 episcopo
1076 1691 1196 1790 possit
1210 1687 1266 1762 lo-

193 1805 279 1903 qui,
291 1819 326 1874 et
341 1808 373 1876 si
385 1829 424 1876 se
434 1828 598 1904 purgare
611 1802 782 1893 voluerit,
800 1804 839 1874 in
852 1804 982 1876 eadem
987 1805 1191 1907 parrochia
1206 1809 1268 1880 cui

193 1923 322 2011 seruit,
344 1919 584 2021 presentibus
604 1918 860 2018 parrochianis
878 1919 1050 2021 pluribus
1076 1938 1161 1994 ante
1186 1924 1268 2025 epi-

193 2040 297 2137 scopi
313 2039 496 2109 ministros
512 2051 548 2107 et
566 2061 691 2107 eorum
701 2033 849 2134 judicio
863 2060 902 2106 se
916 2035 1105 2134 purgabit,
1119 2035 1165 2107 Si
1180 2063 1266 2110 uero

189 2180 357 2257 purgare
366 2181 406 2227 se
416 2180 490 2226 non
494 2156 667 2256 potuerit,
681 2151 893 2226 Ecclesiam
901 2151 1032 2253 perdet
1046 2153 1268 2255 irrecupera-

196 2272 330 2346 biliter.
359 2272 444 2345 Hoc
467 2270 670 2369 pradictus
698 2294 763 2340 reu
789 2270 935 2355 statuit,
964 2295 1038 2340 non
1059 2273 1270 2371 perenniter

196 2391 380 2495 episcopis
396 2391 473 2462 suis
490 2385 688 2487 afferendo
706 2384 866 2457 debitam
874 2388 1077 2487 justitiam,
1096 2388 1164 2460 sed
1179 2389 1268 2486 quia

196 2508 358 2610 episcopi
390 2532 433 2578 eo
463 2522 620 2606 tempore
648 2504 768 2575 minus
794 2529 905 2601 quam
933 2506 1154 2579 conuenisset
1182 2506 1269 2578 inde

184 2621 382 2722 fecerant,·
398 2622 516 2696 donee
533 2624 612 2722 ipse
628 2645 753 2692 eorum
766 2618 896 2692 uidem
912 2620 1201 2694 emendationem
1215 2624 1268 2694 eis

197 2738 364 2813 redderet
383 2765 452 2840 pro
474 2734 683 2836 benefacto,
708 2737 811 2834 quod
830 2751 915 2809 tunc
938 2735 985 2807 de
1007 2763 1120 2809 manu
1144 2764 1269 2810 eorum

198 2857 446 2959 temporaliter
461 2857 593 2929 tulerat
602 2881 674 2957 pro
691 2857 897 2929 commisso.

246 2985 285 3070 4.
303 2975 440 3051 Nullus
452 2976 570 3050 laicus
588 2977 627 3046 in
644 2972 845 3046 redditibus
863 2972 1007 3063 altaris,
1023 2976 1085 3046 uel
1095 2975 1271 3078 insepul-

199 3099 301 3184 tura,
321 3093 383 3166 uel
398 3095 437 3165 in
455 3096 561 3166 tertia
574 3108 682 3193 parte
698 3092 853 3164 decima
869 3092 1016 3192 aliquid
1032 3093 1165 3166 babeat
1170 3127 1187 3180 ;
1204 3122 1272 3168 nec

195 3215 394 3310 pecuniam
413 3237 484 3312 pro
506 3210 634 3283 borum
656 3208 865 3282 venditione
885 3209 947 3281 uel
972 3210 1171 3282 donatione
1194 3210 1272 3281 ali-

200 3344 379 3428 quatenus
391 3328 523 3401 babeat
529 3362 546 3413 ;
562 3355 629 3400 nec
638 3326 829 3428 presbyter
840 3327 927 3398 inde
941 3325 1267 3424 seruitiumfaciat,

200 3446 273 3517 nisi
287 3443 504 3543 legationem
518 3442 658 3514 domini
671 3445 733 3514 sui
740 3457 881 3544 portet,
898 3444 950 3512 ita
965 3457 1004 3513 ut
1018 3445 1056 3513 in
1070 3442 1200 3514 eadem
1213 3440 1273 3515 die

201 3560 254 3633 ad
278 3563 459 3633 seruitium
482 3559 665 3631 Ecclesia
697 3560 917 3644 reuertatur,·
949 3575 983 3630 et
1010 3558 1271 3632 adorationes

202 3681 298 3780 (per
320 3677 589 3750 Normanniam
615 3675 866 3773 solummodo)
890 3678 1026 3748 uictum
1053 3677 1194 3748 domini
1215 3678 1276 3748 sui

201 3791 357 3883 babens,
373 3795 408 3865 si
422 3792 592 3865 dominus
606 3791 777 3877 uoluerit,
797 3817 917 3863 secum
936 3791 1052 3863 vadat
1059 3824 1076 3877 ;
1091 3792 1273 3865 seruitium

199 3907 384 3981 Ecclesiae
397 3908 584 4009 presbyter
599 3909 740 3981 interim
758 3925 869 3980 curet.

252 4027 289 4098 5.
309 4025 514 4120 Presbyteri
533 4026 581 4098 ab
602 4029 781 4128 episcopis
802 4026 864 4098 uel
884 4026 932 4098 ab
955 4053 1077 4099 eorum
1100 4028 1273 4099 ministris

193 4161 332 4243 prater
340 4147 462 4243 justos
480 4144 643 4220 redditus
661 4147 824 4247 episcopi
834 4147 876 4217 oi
890 4145 948 4218 uel
960 4147 1068 4218 minis
1079 4144 1174 4218 nibil
1185 4146 1275 4217 dare
