2910 4980
189 397 295 478 [noo]
553 396 668 455 cinna
690 395 873 469 ouiuaus.
1191 394 1250 455 no

188 518 382 593 Jerusalem
400 516 489 588 facta
510 531 580 603 est,
600 515 871 614 multorumque
889 515 1039 585 maxima
1060 513 1253 614 congloba-

191 637 243 708 tio
262 632 437 719 millium,
452 629 600 730 pedibus
617 632 688 701 suis
707 633 924 729 Byzanteum
942 645 1088 703 stemma
1107 631 1254 730 procul-

192 779 272 824 care
285 751 545 835 minitantium,
557 765 681 821 contra
695 748 849 820 Thraces
858 776 1043 848 progressa
1056 768 1121 821 est.
1139 752 1255 823 Caete-

191 895 274 941 rum
282 868 474 966 justissima
488 867 551 940 Dei
564 866 750 965 dispositio
763 882 911 938 conatus
924 870 1256 965 concupiscentium

194 984 359 1056 invadere
375 1011 452 1056 rem
470 983 622 1079 proximi
643 983 694 1051 sui
714 981 882 1053 frustrata
901 999 972 1068 est;
995 985 1089 1055 unde
1106 982 1257 1083 superba

195 1103 476 1203 conglomeratio
500 1099 774 1171 ambitiosorum
801 1100 892 1171 nihil
922 1127 1068 1186 eorum,
1098 1128 1179 1200 quae
1207 1103 1259 1172 in-

195 1245 327 1291 cassum
343 1234 417 1289 rata
432 1215 567 1301 fuerat,
587 1217 711 1313 adepta
729 1232 793 1287 est.
812 1217 949 1288 Eodem
962 1243 1057 1289 antio
1077 1218 1169 1288 infra
1188 1233 1259 1290 tres

196 1337 429 1435 septimanas,
463 1333 594 1432 quibus
627 1349 780 1405 cometes
811 1335 978 1418 emicuit,
1012 1333 1189 1408 Ansoldus
1216 1333 1261 1405 de

196 1453 341 1540 Manlia,
356 1451 502 1523 stimulo
516 1451 784 1521 divinitimoris
795 1469 963 1548 punctus,
980 1452 1114 1521 curiam
1129 1465 1259 1522 sanctas

197 1569 319 1640 lllariae
339 1565 523 1638 humiliter
540 1564 648 1651 adiit,
675 1582 709 1637 et
735 1592 802 1663 pro
826 1564 1039 1664 quibusdam
1058 1567 1261 1638 contentio-

198 1683 323 1774 nibus,
342 1709 428 1782 quas
450 1699 574 1754 contra
599 1681 794 1754 monachos
817 1680 1008 1767 habuerat,
1031 1708 1111 1753 cum
1138 1680 1260 1752 multis

198 1799 340 1874 lletibus
358 1802 435 1873 Deo
462 1815 589 1898 sponte
613 1798 793 1871 satislccit.
820 1798 955 1870 Deinde
979 1824 1100 1872 coram
1123 1799 1262 1869 cunctis

197 1917 393 1992 baronibus
411 1919 502 2008 suis,
520 1919 582 2017 qui
602 1919 637 1988 in
657 1917 874 2000 dormitorio
895 1915 1156 1990 monachorum
1174 1943 1261 1990 con·

198 2037 330 2137 gregati
345 2034 509 2121 aderant,
524 2036 642 2108 omnia
656 2060 737 2134 quae
752 2036 877 2106 Petrus
890 2052 991 2134 pater
1003 2038 1078 2133 ejus
1100 2051 1136 2107 et
1159 2035 1263 2132 Hugo

198 2181 238 2226 ac
253 2155 412 2252 Paganus
430 2169 466 2224 et
487 2152 708 2237 Anastasius,
729 2168 765 2223 et
790 2150 992 2225 Rodbertus
1017 2151 1110 2223 filius
1136 2150 1262 2223 Hube-

201 2270 302 2354 linae,
322 2283 358 2340 et
375 2270 532 2341 Herveus
548 2268 640 2338 filius
658 2267 850 2353 Heroardi,
869 2284 904 2340 et
919 2267 997 2340 Odo
1016 2267 1109 2339 lilius
1122 2264 1262 2340 Gualo-

200 2387 334 2472 nis,*ac
353 2384 463 2458 Fulco
482 2400 518 2456 ct
539 2382 725 2456 Ricberius
743 2384 806 2456 lilii
826 2383 1024 2471 Fulcherii,
1045 2384 1175 2483 aliique
1194 2383 1263 2456 bo-

199 2506 314 2577 mines
331 2505 383 2575 sui
403 2505 655 2600 cujuscumque
672 2501 890 2573 conditionis
906 2504 999 2588 sint,
1018 2500 1189 2573 dederant
1206 2500 1262 2572 vel

200 2620 316 2692 daturi
345 2635 469 2702 erant,
496 2617 591 2689 unde
614 2617 799 2689 servitium
822 2645 927 2690 suum
952 2642 1027 2689 non
1055 2617 1261 2702 amitteret,

200 2736 368 2810 Ecclesiae
386 2737 450 2809 Dei
474 2752 510 2808 et
528 2750 659 2806 sanctae
681 2734 804 2806 Mariae
823 2735 966 2806 Manliae
985 2735 1176 2820 concessit;
1200 2735 1261 2805 tali

201 2870 319 2952 pacto,
337 2870 376 2925 ut
393 2855 419 2924 si
435 2852 562 2952 aliquis
579 2878 621 2923 ex
640 2852 722 2949 ipsis
736 2876 804 2950 pro
818 2848 983 2951 quolibet
998 2868 1099 2924 reatu
1117 2851 1264 2925 feudum

202 2998 305 3042 suum
323 2971 505 3069 perderet,
525 2969 667 3041 ecclesia
686 2968 889 3039 nullatenus
912 2967 1148 3068 eleemosynae
1165 2969 1263 3042 dono

202 3088 376 3184 privetur.
396 3089 471 3185 lpse
485 3109 631 3184 quoque
647 3082 825 3155 Ansoldus
839 3082 1032 3174 decimam,
1048 3111 1156 3182 quam
1168 3085 1265 3156 Her·
1352 3174 1354 3176 Ι

202 3200 318 3280 sendis
335 3227 437 3274 soror
455 3204 529 3298 ejus
547 3202 583 3271 in
600 3199 769 3296 mariagio
787 3197 978 3283 habuerat,
999 3215 1034 3268 ct
1053 3196 1164 3270 beatae
1182 3200 1264 3270 Ma-

202 3319 266 3389 riae
274 3332 357 3409 ante
366 3317 507 3415 obitum
515 3342 618 3386 suum
626 3313 841 3399 reddiderat,
856 3340 919 3411 per
930 3315 1064 3412 virgam
1075 3315 1143 3411 (1),
1154 3341 1263 3414 quam

203 3434 241 3504 in
264 3435 374 3503 manli
391 3431 562 3504 lobannis
578 3429 745 3502 monachi
770 3428 1025 3528 etpresbyteri
1050 3427 1262 3519 tradiderat,

203 3554 397 3634 concessit,
423 3564 464 3618 ut
485 3545 634 3618 liberam
656 3563 737 3645 post
762 3544 903 3618 obitum
926 3546 1022 3619 Petri
1046 3549 1188 3645 nepotis
1210 3550 1263 3620 sui

203 3665 346 3738 ecclesia
360 3663 531 3736 decimam
549 3664 709 3761 recipiat.
729 3665 858 3735 Aream
872 3688 1018 3763 quoque
1030 3663 1209 3735 molarum
1227 3666 1263 3736 in

204 3980 239 4036 de
253 3984 380 4054 parente,
396 3979 414 4034 il
434 3981 522 4052 parcit
540 3999 594 4053 que
614 3981 637 4032 la
656 3990 788 4034 comtesse
806 3978 891 4033 Adule
908 3980 1062 4034 continuerit
1080 3979 1115 4033 de
1127 3978 1153 4033 la
1170 3980 1266 4034 tmitei·

203 4088 312 4125 comme
321 4086 349 4123 sa
361 4068 526 4124 belle-siene.

240 4161 278 4230 (a)
299 4159 391 4231 Voyez
404 4159 556 4223 ci·dessus,
573 4179 599 4231 p.
615 4163 679 4232 419,
694 4169 757 4211 itote
772 4155 798 4212 5.

279 4275 318 4323 ll.
1077 4275 1123 4345 29
