2910 4980
114 355 208 429 [criu
228 347 416 427 romroso]
484 344 601 410 tmen
621 345 798 412 suerrus,
1134 338 1175 414 rc

113 470 273 570 agnovit.
292 468 455 568 Denique
471 468 609 549 relictis¹
626 468 751 541 mundi
773 468 959 543 lenociniis
979 467 1022 542 ad
1041 470 1173 570 Majus·

113 585 374 662 Monasterium
387 582 572 683 confugit,
590 584 712 686 ibique
725 584 957 659 sub'Alberto
970 585 1096 661 abbate
1113 590 1171 687 (r)

112 700 310 776 monachus
324 698 438 772 factus
455 699 569 773 Deum
584 699 791 799 suppliciter
808 702 946 802 rogavit
967 717 1009 775 ut
1029 704 1172 776 insana-

112 816 197 889 bilis
215 817 325 915 leprae
343 813 475 889 morbo
498 816 712 915 incorpore
731 816 943 907 foedaretur,
965 820 1133 919 quatinus
1150 847 1170 890 a

113 949 343 1034 peccatorum
356 930 521 1006 sordibus
533 932 571 1004 in
583 938 699 1004 anima
713 933 979 1009 emundaretur.
993 935 1098 1028 Quod
1111 937 1170 1035 pie

112 1051 321 1150 deprecatus
343 1064 397 1122 est
420 1046 601 1138 obtinuit,
628 1062 663 1122 et
689 1065 769 1148 post
791 1051 1033 1126 conversionis
1055 1079 1170 1126 annos

112 1167 187 1241 sere
204 1192 265 1240 sex
284 1164 436 1239 feliciter
453 1162 613 1238 decessit.
633 1166 738 1266 Hugo
755 1183 873 1240 sextus
893 1167 1017 1258 frater,
1038 1171 1167 1268 juven-

113 1298 190 1358 tute
209 1281 360 1370 florens,
380 1279 527 1355 sortuna
550 1281 732 1355 invidente
753 1298 875 1381 raptus
891 1300 955 1357 est.
975 1285 1065 1358 Nam
1083 1285 1170 1358 dum

112 1405 265 1507 quadum
279 1405 337 1478 die
352 1404 397 1478 de
416 1419 531 1479 castro
547 1404 583 1476 S.
604 1404 804 1479 Scolasticse
822 1405 878 1503 (a)
899 1407 1169 1480 cumfratribus

112 1523 184 1594 suis
211 1520 406 1621 multisque
435 1519 645 1593 satellitibus
676 1520 830 1612 rediret,
861 1547 959 1595 secus
987 1523 1169 1596 ecclesiam

112 1639 150 1710 S.
170 1637 338 1711 Germani
362 1638 400 1710 in
424 1637 608 1711 territorio
626 1635 793 1710 Escalfoii
812 1640 869 1737 (5)
890 1664 974 1710 cum
997 1639 1170 1713 consoda-

114 1753 208 1826 libus
233 1754 305 1826 suis
328 1779 400 1827 sese
427 1752 620 1827 lanceando
645 1755 857 1827 exercuisset
869 1782 881 1844 ς
909 1781 991 1828 eum
1016 1756 1170 1857 armiger

112 1874 186 1968 ejus
208 1870 296 1943 dum
312 1871 454 1944 incaute
475 1871 605 1944 missile
625 1874 780 1970 jaceret,
805 1874 961 1973 graviter
982 1874 1166 1971 percussit.

113 1988 183 2081 Qui
200 2013 299 2078 mox,
321 2003 363 2059 ut
379 2004 455 2061 erat
471 2003 690 2077 mansuetus,
711 1989 874 2063 eumdem
891 1992 1108 2088 armigerum
1125 1989 1169 2062 ad
1235 2028 1242 2038 ³

111 2131 148 2178 se
170 2104 330 2191 vocavit,
358 2106 461 2206 eique
484 2106 573 2177 clam
596 2105 689 2178 dixit
712 2136 720 2177 ε
748 2107 791 2180 V
786 2106 931 2179 elocieer
939 2107 1059 2205 fuge,
1080 2108 1169 2205 quio

109 2225 270 2323 graviter·
295 2223 493 2297 vulnerasti
509 2251 578 2296 me.
602 2225 821 2296 Masereutur
842 2226 896 2295 tui
914 2223 1039 2296 Deus!
1064 2225 1170 2322 Fuge

111 2357 307 2439 antequam
317 2341 460 2436 fratres
482 2343 554 2412 mei
576 2339 644 2413 boc
666 2339 972 2427 animadvertant,
995 2357 1029 2412 et
1052 2357 1086 2410 te
1095 2366 1169 2439 pro

112 2457 181 2529 ltoc
196 2474 320 2532 eventu
338 2457 565 2560 interficiant.
590 2457 729 2531 Nobilis
751 2459 869 2559 itaque
886 2460 1028 2556 juvenis
1051 2484 1094 2532 eo
1110 2459 1169 2532 die

111 2569 295 2645 occubuit.
314 2570 466 2646 Geroius
480 2573 605 2672 junior
621 2572 791 2647 omnibus
806 2572 893 2645 dum
914 2571 1027 2645 adhuc
1048 2576 1168 2672 primo

111 2687 202 2761 llore
213 2689 412 2787 juventutis
427 2703 609 2775 vernaret,
630 2687 786 2787 praedam
805 2689 842 2761 in
860 2704 952 2762 terra
966 2689 1168 2763 Lexovien-

111 2805 158 2877 sis
176 2806 330 2879 ecclesiae
351 2805 492 2906 rapuit,
517 2823 553 2878 et
571 2804 652 2879 inde
675 2806 969 2878 Monasteriolum
990 2832 1168 2906 regressus

111 2940 150 2997 et
163 2924 200 2994 in
215 2925 405 2996 amentiam
417 2950 538 2996 versus
554 2923 704 2996 interiit.
723 2922 780 2994 Sic
797 2922 878 2994 licet
893 2923 1039 2996 diversis
1052 2923 1167 2998 modis

112 3067 182 3112 una
199 3065 296 3135 mors
314 3066 437 3115 omnes
454 3041 576 3117 Geroii
593 3042 685 3115 filios
698 3041 839 3140 rapuit,
856 3067 921 3114 nee
935 3041 1049 3114 ullum
1063 3070 1105 3116 ex
1119 3043 1167 3115 eis

111 3158 155 3229 ad
170 3159 309 3231 senium
326 3184 438 3258 usque
455 3161 641 3259 pervenire
655 3159 830 3258 permisit.

158 3275 400 3374 Primogenita
417 3301 561 3375 quoque
578 3274 732 3347 filiarum
749 3274 1002 3376 Heremburgis
1020 3276 1097 3347 data
1116 3293 1168 3348 est

112 3390 319 3463 Wascelino
334 3391 379 3465 de
395 3393 508 3465 Ponte
527 3390 762 3466 Erebenfredi
775 3393 852 3491 (A);
873 3418 918 3465 ex
934 3419 1002 3493 qua
1018 3392 1167 3466 Willel-

146 3675 186 3740 (ι)
200 3671 312 3734 Albert.
328 3671 397 3725 abbe
409 3669 444 3724 de
456 3669 637 3725 blarmoutier
646 3668 744 3741 depuis
759 3667 823 3740 1037
835 3668 962 3740 jusqu’en
976 3666 1050 3734 1064.

145 3761 184 3829 (a)
196 3759 290 3813 Sainte
303 3759 432 3814 Scolasse.

145 3847 185 3921 (ὅ)
198 3849 426 3905 Salat-Germain
438 3837 633 3916 ‹l’b'chaulour,
649 3848 720 3902 alors
733 3846 829 3918 simplo
841 3847 972 3919 chapelle.

145 3940 184 4008 (l)
213 3937 400 4010 Aujourd'hui
424 3930 576 4007 Echanlre,
603 3939 720 3993 hameau
744 3935 778 3990 de
802 3935 1167 4001 Notrc-Dame·du·Hamel‚

111 4047 219 4083 comme
238 4047 307 4085 nous
329 4047 430 4084 venons
450 4029 528 4084 dele
548 4029 618 4084 (lire.
644 4028 691 4084 On
712 4018 768 4082 roit
784 4046 882 4082 encore
896 4026 1112 4098 l'emplaccment
1130 4026 1168 4080 ‹lu

111 4117 227 4170 chiteau
241 4134 289 4171 sur
302 4117 326 4171 la
340 4118 396 4172 rive
406 4117 496 4172 droite
507 4117 542 4172 de
552 4118 577 4171 la
590 4117 794 4173 Charentonne.
