<?xml version="1.0" encoding="UTF-8"?>
<!DOCTYPE html PUBLIC "-//W3C//DTD XHTML 1.0 Transitional//EN"
    "http://www.w3.org/TR/xhtml1/DTD/xhtml1-transitional.dtd">
<html xmlns="http://www.w3.org/1999/xhtml" xml:lang="en" lang="en">
 <head>
  <title>
</title>
<meta http-equiv="Content-Type" content="text/html;charset=utf-8" />
  <meta name='ocr-system' content='tesseract 3.04.00' />
  <meta name='ocr-capabilities' content='ocr_page ocr_carea ocr_par ocr_line ocrx_word'/>
</head>
<body>
  <div class='ocr_page' id='page_1' title='image "./ordericivitalis01deligoog/ordericivitalis01deligoog_0069.png"; bbox 0 0 2926 4980; ppageno 0'>
   <div class='ocr_carea' id='block_1_1' title="bbox 195 448 1258 530">
    <p class='ocr_par' dir='ltr' id='par_1_1' title="bbox 195 448 1258 530">
     <span class='ocr_line' id='line_1_1' title="bbox 195 448 1258 530; baseline -0.004 -13"><span class='ocrx_word' id='word_1_1' title='bbox 195 457 235 517; x_wconf 80' lang='lat'><strong>56</strong></span> <span class='ocrx_word' id='word_1_2' title='bbox 469 449 651 512; x_wconf 77' lang='lat' dir='ltr'>HISTORIA</span> <span class='ocrx_word' id='word_1_3' title='bbox 673 450 978 512; x_wconf 76' lang='lat' dir='ltr'>ECCLESIASTICA.</span> <span class='ocrx_word' id='word_1_4' title='bbox 1050 448 1258 530; x_wconf 76' lang='lat' dir='ltr'><strong>[roso-1056]</strong></span> 
     </span>
    </p>
   </div>
   <div class='ocr_carea' id='block_1_2' title="bbox 195 567 1265 1724">
    <p class='ocr_par' dir='ltr' id='par_1_2' title="bbox 195 567 1265 1724">
     <span class='ocr_line' id='line_1_2' title="bbox 196 567 1261 670; baseline -0.006 -25"><span class='ocrx_word' id='word_1_5' title='bbox 196 615 200 620; x_wconf 44' lang='grc'><strong>’</strong></span> <span class='ocrx_word' id='word_1_6' title='bbox 244 577 343 645; x_wconf 91' lang='lat' dir='ltr'><strong>luter</strong></span> <span class='ocrx_word' id='word_1_7' title='bbox 360 572 609 658; x_wconf 88' lang='lat' dir='ltr'><strong>Normanuus,</strong></span> <span class='ocrx_word' id='word_1_8' title='bbox 625 570 691 670; x_wconf 87' lang='lat' dir='ltr'><strong>qui</strong></span> <span class='ocrx_word' id='word_1_9' title='bbox 718 567 881 643; x_wconf 83' lang='lat' dir='ltr'>Tiberim</span> <span class='ocrx_word' id='word_1_10' title='bbox 904 568 1137 656; x_wconf 76' lang='lat' dir='ltr'><strong>transierant,</strong></span> <span class='ocrx_word' id='word_1_11' title='bbox 1157 568 1261 640; x_wconf 84' lang='lat' dir='ltr'><strong>Wil-</strong></span> 
     </span>
     <span class='ocr_line' id='line_1_3' title="bbox 195 683 1258 775; baseline -0.007 -12"><span class='ocrx_word' id='word_1_12' title='bbox 195 691 328 765; x_wconf 82' lang='lat' dir='ltr'><strong>lermus</strong></span> <span class='ocrx_word' id='word_1_13' title='bbox 353 687 397 761; x_wconf 89' lang='lat' dir='ltr'><strong>de</strong></span> <span class='ocrx_word' id='word_1_14' title='bbox 422 685 698 775; x_wconf 85' lang='lat' dir='ltr'><strong>Monasteriolo,</strong></span> <span class='ocrx_word' id='word_1_15' title='bbox 725 685 913 759; x_wconf 86' lang='lat' dir='ltr'><strong>Willermi</strong></span> <span class='ocrx_word' id='word_1_16' title='bbox 944 684 1113 759; x_wconf 88' lang='lat' dir='ltr'><strong>Geroiani</strong></span> <span class='ocrx_word' id='word_1_17' title='bbox 1145 683 1258 771; x_wconf 88' lang='lat' dir='ltr'><strong>filius,</strong></span> 
     </span>
     <span class='ocr_line' id='line_1_4' title="bbox 195 786 1262 901; baseline -0.007 -22"><span class='ocrx_word' id='word_1_18' title='bbox 195 806 349 879; x_wconf 84' lang='lat' dir='ltr'><strong>maxime</strong></span> <span class='ocrx_word' id='word_1_19' title='bbox 368 804 513 890; x_wconf 84' lang='lat' dir='ltr'><strong>floruit,</strong></span> <span class='ocrx_word' id='word_1_20' title='bbox 540 822 577 878; x_wconf 89' lang='lat' dir='ltr'><strong>et</strong></span> <span class='ocrx_word' id='word_1_21' title='bbox 599 805 753 877; x_wconf 84' lang='lat' dir='ltr'><strong>Romani</strong></span> <span class='ocrx_word' id='word_1_22' title='bbox 779 786 955 877; x_wconf 84' lang='lat' dir='ltr'><strong>exercitus</strong></span> <span class='ocrx_word' id='word_1_23' title='bbox 974 801 1141 901; x_wconf 83' lang='lat' dir='ltr'><strong>princeps</strong></span> <span class='ocrx_word' id='word_1_24' title='bbox 1160 800 1262 875; x_wconf 81' lang='lat' dir='ltr'><strong>mili-</strong></span> 
     </span>
     <span class='ocr_line' id='line_1_5' title="bbox 196 915 1261 1040; baseline -0.007 -45"><span class='ocrx_word' id='word_1_25' title='bbox 196 925 257 996; x_wconf 87' lang='lat' dir='ltr'><strong>tiae</strong></span> <span class='ocrx_word' id='word_1_26' title='bbox 270 923 398 1011; x_wconf 80' lang='lat' dir='ltr'><strong>factus,</strong></span> <span class='ocrx_word' id='word_1_27' title='bbox 411 921 583 995; x_wconf 82' lang='lat' dir='ltr'><strong>vexillum</strong></span> <span class='ocrx_word' id='word_1_28' title='bbox 596 921 707 993; x_wconf 87' lang='lat' dir='ltr'><strong>sancti</strong></span> <span class='ocrx_word' id='word_1_29' title='bbox 721 921 817 993; x_wconf 91' lang='lat' dir='ltr'><strong>Petri</strong></span> <span class='ocrx_word' id='word_1_30' title='bbox 832 934 972 1040; x_wconf 60' lang='lat' dir='ltr'><strong>gestam</strong></span> <span class='ocrx_word' id='word_1_31' title='bbox 984 915 1143 991; x_wconf 88' lang='lat' dir='ltr'><strong>Uberem</strong></span> <span class='ocrx_word' id='word_1_32' title='bbox 1156 917 1261 990; x_wconf 88' lang='lat' dir='ltr'><strong>Cam·</strong></span> 
     </span>
     <span class='ocr_line' id='line_1_6' title="bbox 196 1032 1263 1138; baseline -0.005 -28"><span class='ocrx_word' id='word_1_33' title='bbox 196 1038 339 1138; x_wconf 84' lang='lat' dir='ltr'><strong>panium</strong></span> <span class='ocrx_word' id='word_1_34' title='bbox 356 1036 570 1137; x_wconf 76' lang='lat' dir='ltr'><strong>subjugavit.</strong></span> <span class='ocrx_word' id='word_1_35' title='bbox 586 1037 654 1108; x_wconf 86' lang='lat' dir='ltr'><strong>Hic</strong></span> <span class='ocrx_word' id='word_1_36' title='bbox 666 1033 897 1109; x_wconf 83' lang='lat' dir='ltr'><strong>Uticensibus</strong></span> <span class='ocrx_word' id='word_1_37' title='bbox 912 1036 1087 1134; x_wconf 88' lang='lat' dir='ltr'><strong>(quorum</strong></span> <span class='ocrx_word' id='word_1_38' title='bbox 1099 1032 1212 1106; x_wconf 85' lang='lat' dir='ltr'><strong>frater</strong></span> <span class='ocrx_word' id='word_1_39' title='bbox 1226 1044 1263 1106; x_wconf 76' lang='lat' dir='ltr'><strong>&#39;et</strong></span> 
     </span>
     <span class='ocr_line' id='line_1_7' title="bbox 196 1149 1263 1254; baseline -0.005 -27"><span class='ocrx_word' id='word_1_40' title='bbox 196 1156 438 1244; x_wconf 86' lang='lat' dir='ltr'><strong>amicuserat,</strong></span> <span class='ocrx_word' id='word_1_41' title='bbox 454 1169 491 1228; x_wconf 89' lang='lat' dir='ltr'><strong>et</strong></span> <span class='ocrx_word' id='word_1_42' title='bbox 506 1151 638 1254; x_wconf 89' lang='lat' dir='ltr'><strong>quibus</strong></span> <span class='ocrx_word' id='word_1_43' title='bbox 653 1153 757 1253; x_wconf 85' lang='lat' dir='ltr'><strong>plura</strong></span> <span class='ocrx_word' id='word_1_44' title='bbox 771 1168 964 1253; x_wconf 85' lang='lat' dir='ltr'><strong>antequam</strong></span> <span class='ocrx_word' id='word_1_45' title='bbox 979 1152 1023 1226; x_wconf 89' lang='lat' dir='ltr'><strong>de</strong></span> <span class='ocrx_word' id='word_1_46' title='bbox 1040 1149 1263 1224; x_wconf 80' lang='lat' dir='ltr'><strong>Normannia</strong></span> 
     </span>
     <span class='ocr_line' id='line_1_8' title="bbox 197 1269 1264 1374; baseline -0.007 -28"><span class='ocrx_word' id='word_1_47' title='bbox 197 1277 404 1374; x_wconf 79' lang='lat' dir='ltr'><strong>migrasset,</strong></span> <span class='ocrx_word' id='word_1_48' title='bbox 425 1289 467 1345; x_wconf 92' lang='lat' dir='ltr'><strong>ut</strong></span> <span class='ocrx_word' id='word_1_49' title='bbox 488 1299 594 1371; x_wconf 89' lang='lat' dir='ltr'><strong>supra</strong></span> <span class='ocrx_word' id='word_1_50' title='bbox 618 1271 793 1360; x_wconf 82' lang='lat' dir='ltr'><strong>diximus,</strong></span> <span class='ocrx_word' id='word_1_51' title='bbox 820 1271 989 1369; x_wconf 87' lang='lat' dir='ltr'><strong>dederat)</strong></span> <span class='ocrx_word' id='word_1_52' title='bbox 1014 1269 1197 1343; x_wconf 85' lang='lat' dir='ltr'><strong>mandavit</strong></span> <span class='ocrx_word' id='word_1_53' title='bbox 1223 1282 1264 1339; x_wconf 91' lang='lat' dir='ltr'><strong>ut</strong></span> 
     </span>
     <span class='ocr_line' id='line_1_9' title="bbox 198 1380 1265 1489; baseline -0.006 -26"><span class='ocrx_word' id='word_1_54' title='bbox 198 1390 241 1463; x_wconf 92' lang='lat' dir='ltr'><strong>ad</strong></span> <span class='ocrx_word' id='word_1_55' title='bbox 257 1416 294 1463; x_wconf 87' lang='lat' dir='ltr'><strong>se</strong></span> <span class='ocrx_word' id='word_1_56' title='bbox 311 1389 468 1489; x_wconf 85' lang='lat' dir='ltr'><strong>legatum</strong></span> <span class='ocrx_word' id='word_1_57' title='bbox 483 1387 624 1462; x_wconf 87' lang='lat' dir='ltr'><strong>fidelem</strong></span> <span class='ocrx_word' id='word_1_58' title='bbox 640 1389 830 1461; x_wconf 85' lang='lat' dir='ltr'><strong>mitterent</strong></span> <span class='ocrx_word' id='word_1_59' title='bbox 846 1414 914 1488; x_wconf 90' lang='lat' dir='ltr'><strong>pro</strong></span> <span class='ocrx_word' id='word_1_60' title='bbox 926 1380 1127 1460; x_wconf 80' lang='lat' dir='ltr'><strong>deferendis</strong></span> <span class='ocrx_word' id='word_1_61' title='bbox 1140 1410 1265 1458; x_wconf 89' lang='lat' dir='ltr'><strong>mune·</strong></span> 
     </span>
     <span class='ocr_line' id='line_1_10' title="bbox 197 1505 1263 1608; baseline -0.007 -27"><span class='ocrx_word' id='word_1_62' title='bbox 197 1506 297 1581; x_wconf 90' lang='lat' dir='ltr'><strong>ribus</strong></span> <span class='ocrx_word' id='word_1_63' title='bbox 315 1533 397 1608; x_wconf 86' lang='lat' dir='ltr'><strong>quae</strong></span> <span class='ocrx_word' id='word_1_64' title='bbox 414 1508 463 1581; x_wconf 92' lang='lat' dir='ltr'><strong>eis</strong></span> <span class='ocrx_word' id='word_1_65' title='bbox 484 1505 720 1606; x_wconf 82' lang='lat' dir='ltr'><strong>praeparabat.</strong></span> <span class='ocrx_word' id='word_1_66' title='bbox 743 1507 822 1580; x_wconf 89' lang='lat' dir='ltr'><strong>Huc</strong></span> <span class='ocrx_word' id='word_1_67' title='bbox 837 1505 1051 1580; x_wconf 84' lang='lat' dir='ltr'><strong>Willermus</strong></span> <span class='ocrx_word' id='word_1_68' title='bbox 1070 1521 1173 1603; x_wconf 87' lang='lat' dir='ltr'><strong>pater</strong></span> <span class='ocrx_word' id='word_1_69' title='bbox 1189 1506 1263 1602; x_wconf 84' lang='lat' dir='ltr'><strong>&#39;ejus</strong></span> 
     </span>
     <span class='ocr_line' id='line_1_11' title="bbox 199 1621 1263 1724; baseline -0.008 -25"><span class='ocrx_word' id='word_1_70' title='bbox 199 1643 242 1699; x_wconf 88' lang='lat' dir='ltr'><strong>ut</strong></span> <span class='ocrx_word' id='word_1_71' title='bbox 252 1623 401 1713; x_wconf 89' lang='lat' dir='ltr'><strong>audivit,</strong></span> <span class='ocrx_word' id='word_1_72' title='bbox 415 1649 488 1698; x_wconf 89' lang='lat' dir='ltr'><strong>sese</strong></span> <span class='ocrx_word' id='word_1_73' title='bbox 500 1622 545 1696; x_wconf 87' lang='lat' dir='ltr'><strong>ad</strong></span> <span class='ocrx_word' id='word_1_74' title='bbox 556 1622 648 1696; x_wconf 89' lang='lat' dir='ltr'><strong>hauc</strong></span> <span class='ocrx_word' id='word_1_75' title='bbox 661 1622 875 1724; x_wconf 82' lang='lat' dir='ltr'><strong>legationem</strong></span> <span class='ocrx_word' id='word_1_76' title='bbox 888 1649 956 1721; x_wconf 92' lang='lat' dir='ltr'><strong>pro</strong></span> <span class='ocrx_word' id='word_1_77' title='bbox 968 1621 1122 1694; x_wconf 86' lang='lat' dir='ltr'><strong>utilitate</strong></span> <span class='ocrx_word' id='word_1_78' title='bbox 1132 1633 1263 1694; x_wconf 84' lang='lat' dir='ltr'><strong>sauctae</strong></span> 
     </span>
    </p>
   </div>
   <div class='ocr_carea' id='block_1_3' title="bbox 202 1895 1276 4280">
    <p class='ocr_par' dir='ltr' id='par_1_3' title="bbox 202 1895 1276 4280">
     <span class='ocr_line' id='line_1_12' title="bbox 202 1895 1265 1974; baseline -0.003 -21"><span class='ocrx_word' id='word_1_79' title='bbox 202 1899 314 1974; x_wconf 89' lang='lat' dir='ltr'><strong>lorsque</strong></span> <span class='ocrx_word' id='word_1_80' title='bbox 330 1898 496 1972; x_wconf 87' lang='lat' dir='ltr'><strong>l’emperenr</strong></span> <span class='ocrx_word' id='word_1_81' title='bbox 516 1898 628 1955; x_wconf 87' lang='lat' dir='ltr'><strong>Conrad</strong></span> <span class='ocrx_word' id='word_1_82' title='bbox 648 1900 710 1953; x_wconf 85' lang='lat' dir='ltr'><strong>cre&#39;a</strong></span> <span class='ocrx_word' id='word_1_83' title='bbox 729 1915 778 1953; x_wconf 87' lang='lat' dir='ltr'><strong>sou</strong></span> <span class='ocrx_word' id='word_1_84' title='bbox 799 1897 873 1953; x_wconf 73' lang='lat' dir='ltr'><strong>frere</strong></span> <span class='ocrx_word' id='word_1_85' title='bbox 885 1896 1015 1952; x_wconf 80' lang='lat' dir='ltr'><strong>Rainulse</strong></span> <span class='ocrx_word' id='word_1_86' title='bbox 1031 1907 1121 1952; x_wconf 86' lang='lat' dir='ltr'><strong>comte</strong></span> <span class='ocrx_word' id='word_1_87' title='bbox 1135 1895 1265 1951; x_wconf 81' lang='lat' dir='ltr'><strong>d’Averse</strong></span> 
     </span>
     <span class='ocr_line' id='line_1_13' title="bbox 202 1983 1267 2060; baseline -0.006 -18"><span class='ocrx_word' id='word_1_88' title='bbox 202 2004 238 2042; x_wconf 88' lang='lat' dir='ltr'><strong>cn</strong></span> <span class='ocrx_word' id='word_1_89' title='bbox 257 1984 332 2043; x_wconf 76' lang='lat'>1038.</span> <span class='ocrx_word' id='word_1_90' title='bbox 354 1987 404 2042; x_wconf 89' lang='lat' dir='ltr'><strong>Les</strong></span> <span class='ocrx_word' id='word_1_91' title='bbox 422 1986 557 2060; x_wconf 88' lang='lat' dir='ltr'><strong>premiers</strong></span> <span class='ocrx_word' id='word_1_92' title='bbox 568 1985 676 2043; x_wconf 85' lang='lat' dir='ltr'><strong>eusauts</strong></span> <span class='ocrx_word' id='word_1_93' title='bbox 688 1984 724 2040; x_wconf 87' lang='lat' dir='ltr'><strong>de</strong></span> <span class='ocrx_word' id='word_1_94' title='bbox 735 1985 879 2040; x_wconf 72' lang='lat' dir='ltr'><strong>Tancrede</strong></span> <span class='ocrx_word' id='word_1_95' title='bbox 894 1984 930 2040; x_wconf 88' lang='lat' dir='ltr'><strong>de</strong></span> <span class='ocrx_word' id='word_1_96' title='bbox 942 1984 1098 2040; x_wconf 83' lang='lat' dir='ltr'><strong>Hauteville</strong></span> <span class='ocrx_word' id='word_1_97' title='bbox 1110 1985 1159 2058; x_wconf 87' lang='lat' dir='ltr'><strong>qui</strong></span> <span class='ocrx_word' id='word_1_98' title='bbox 1177 1983 1267 2038; x_wconf 89' lang='lat' dir='ltr'><strong>soient</strong></span> 
     </span>
     <span class='ocr_line' id='line_1_14' title="bbox 202 2073 1267 2150; baseline -0.004 -18"><span class='ocrx_word' id='word_1_99' title='bbox 202 2078 305 2132; x_wconf 84' lang='lat' dir='ltr'><strong>arrive&#39;s</strong></span> <span class='ocrx_word' id='word_1_100' title='bbox 314 2096 349 2132; x_wconf 89' lang='lat' dir='ltr'><strong>eu</strong></span> <span class='ocrx_word' id='word_1_101' title='bbox 359 2077 438 2132; x_wconf 84' lang='lat' dir='ltr'><strong>Italic</strong></span> <span class='ocrx_word' id='word_1_102' title='bbox 445 2095 464 2150; x_wconf 85' lang='lat' dir='ltr'><strong>y</strong></span> <span class='ocrx_word' id='word_1_103' title='bbox 472 2079 584 2132; x_wconf 84' lang='lat' dir='ltr'><strong>viurent</strong></span> <span class='ocrx_word' id='word_1_104' title='bbox 597 2095 660 2132; x_wconf 84' lang='lat' dir='ltr'><strong>vers</strong></span> <span class='ocrx_word' id='word_1_105' title='bbox 676 2075 756 2144; x_wconf 70' lang='lat'>10583</span> <span class='ocrx_word' id='word_1_106' title='bbox 769 2077 896 2131; x_wconf 78' lang='lat' dir='ltr'><strong>c&#39;etaient</strong></span> <span class='ocrx_word' id='word_1_107' title='bbox 908 2073 1267 2132; x_wconf 83' lang='lat' dir='ltr'><strong>Guillaume-Bras·de-Fer</strong></span> 
     </span>
     <span class='ocr_line' id='line_1_15' title="bbox 203 2163 1268 2240; baseline -0.003 -20"><span class='ocrx_word' id='word_1_108' title='bbox 203 2165 284 2222; x_wconf 74' lang='lat' dir='ltr'><strong>l’aine</strong></span> <span class='ocrx_word' id='word_1_109' title='bbox 297 2165 332 2221; x_wconf 90' lang='lat' dir='ltr'><strong>de</strong></span> <span class='ocrx_word' id='word_1_110' title='bbox 346 2177 423 2235; x_wconf 90' lang='lat' dir='ltr'><strong>tous,</strong></span> <span class='ocrx_word' id='word_1_111' title='bbox 435 2167 549 2240; x_wconf 83' lang='lat' dir='ltr'><strong>Drogon</strong></span> <span class='ocrx_word' id='word_1_112' title='bbox 558 2177 587 2221; x_wconf 89' lang='lat' dir='ltr'><strong>et</strong></span> <span class='ocrx_word' id='word_1_113' title='bbox 595 2166 734 2222; x_wconf 87' lang='lat' dir='ltr'><strong>Homsroi.</strong></span> <span class='ocrx_word' id='word_1_114' title='bbox 748 2165 1104 2222; x_wconf 82' lang='lat' dir='ltr'><strong>Guillaume·Bras-de·Fer</strong></span> <span class='ocrx_word' id='word_1_115' title='bbox 1114 2165 1157 2219; x_wconf 86' lang='lat' dir='ltr'><strong>sut</strong></span> <span class='ocrx_word' id='word_1_116' title='bbox 1166 2163 1191 2218; x_wconf 88' lang='lat' dir='ltr'><strong>le</strong></span> <span class='ocrx_word' id='word_1_117' title='bbox 1204 2180 1268 2236; x_wconf 87' lang='lat' dir='ltr'><strong>pre·</strong></span> 
     </span>
     <span class='ocr_line' id='line_1_16' title="bbox 204 2249 1267 2328; baseline -0.004 -21"><span class='ocrx_word' id='word_1_118' title='bbox 204 2254 275 2309; x_wconf 87' lang='lat' dir='ltr'><strong>mier</strong></span> <span class='ocrx_word' id='word_1_119' title='bbox 292 2254 374 2328; x_wconf 88' lang='lat' dir='ltr'><strong>qu&#39;ils</strong></span> <span class='ocrx_word' id='word_1_120' title='bbox 392 2264 579 2309; x_wconf 87' lang='lat' dir='ltr'><strong>reconnurent</strong></span> <span class='ocrx_word' id='word_1_121' title='bbox 597 2272 669 2327; x_wconf 86' lang='lat' dir='ltr'><strong>pour</strong></span> <span class='ocrx_word' id='word_1_122' title='bbox 687 2254 755 2308; x_wconf 81' lang='lat' dir='ltr'><strong>chef</strong></span> <span class='ocrx_word' id='word_1_123' title='bbox 764 2264 792 2308; x_wconf 88' lang='lat' dir='ltr'><strong>et</strong></span> <span class='ocrx_word' id='word_1_124' title='bbox 805 2254 853 2327; x_wconf 90' lang='lat' dir='ltr'><strong>qui</strong></span> <span class='ocrx_word' id='word_1_125' title='bbox 871 2253 929 2326; x_wconf 87' lang='lat' dir='ltr'><strong>prit</strong></span> <span class='ocrx_word' id='word_1_126' title='bbox 945 2251 971 2307; x_wconf 80' lang='lat' dir='ltr'><strong>ie</strong></span> <span class='ocrx_word' id='word_1_127' title='bbox 990 2253 1057 2307; x_wconf 87' lang='lat' dir='ltr'><strong>titre</strong></span> <span class='ocrx_word' id='word_1_128' title='bbox 1073 2251 1108 2306; x_wconf 90' lang='lat' dir='ltr'><strong>de</strong></span> <span class='ocrx_word' id='word_1_129' title='bbox 1125 2261 1216 2307; x_wconf 82' lang='lat' dir='ltr'><strong>comte</strong></span> <span class='ocrx_word' id='word_1_130' title='bbox 1231 2249 1267 2304; x_wconf 85' lang='lat' dir='ltr'><strong>de</strong></span> 
     </span>
     <span class='ocr_line' id='line_1_17' title="bbox 203 2342 1269 2417; baseline -0.001 -20"><span class='ocrx_word' id='word_1_131' title='bbox 203 2343 312 2398; x_wconf 84' lang='lat' dir='ltr'><strong>Pouille</strong></span> <span class='ocrx_word' id='word_1_132' title='bbox 323 2364 357 2400; x_wconf 89' lang='lat' dir='ltr'><strong>en</strong></span> <span class='ocrx_word' id='word_1_133' title='bbox 372 2343 448 2411; x_wconf 73' lang='lat'>1043.</span> <span class='ocrx_word' id='word_1_134' title='bbox 463 2345 591 2417; x_wconf 83' lang='lat' dir='ltr'><strong>Drogon,</strong></span> <span class='ocrx_word' id='word_1_135' title='bbox 603 2363 652 2400; x_wconf 89' lang='lat' dir='ltr'><strong>son</strong></span> <span class='ocrx_word' id='word_1_136' title='bbox 666 2362 822 2399; x_wconf 82' lang='lat' dir='ltr'><strong>successeur</strong></span> <span class='ocrx_word' id='word_1_137' title='bbox 833 2343 881 2398; x_wconf 73' lang='lat' dir='ltr'><strong>des</strong></span> <span class='ocrx_word' id='word_1_138' title='bbox 894 2342 974 2412; x_wconf 75' lang='lat'><strong>1046,</strong></span> <span class='ocrx_word' id='word_1_139' title='bbox 986 2353 1100 2398; x_wconf 85' lang='lat' dir='ltr'><strong>mourut</strong></span> <span class='ocrx_word' id='word_1_140' title='bbox 1107 2343 1239 2397; x_wconf 66' lang='lat' dir='ltr'><strong>:camnine</strong></span> <span class='ocrx_word' id='word_1_141' title='bbox 1253 2345 1269 2396; x_wconf 68' lang='lat' dir='ltr'><strong>a</strong></span> 
     </span>
     <span class='ocr_line' id='line_1_18' title="bbox 204 2431 1269 2506; baseline 0 -19"><span class='ocrx_word' id='word_1_142' title='bbox 204 2433 388 2506; x_wconf 83' lang='lat' dir='ltr'><strong>l&#39;iustigatiou</strong></span> <span class='ocrx_word' id='word_1_143' title='bbox 399 2434 448 2488; x_wconf 84' lang='lat' dir='ltr'><strong>des</strong></span> <span class='ocrx_word' id='word_1_144' title='bbox 460 2435 548 2489; x_wconf 86' lang='lat' dir='ltr'><strong>Grecs</strong></span> <span class='ocrx_word' id='word_1_145' title='bbox 562 2453 598 2488; x_wconf 86' lang='lat' dir='ltr'><strong>eu</strong></span> <span class='ocrx_word' id='word_1_146' title='bbox 614 2433 806 2489; x_wconf 83' lang='lat' dir='ltr'><strong>1051.R0be1·t</strong></span> <span class='ocrx_word' id='word_1_147' title='bbox 818 2432 958 2489; x_wconf 86' lang='lat' dir='ltr'><strong>Guiscard</strong></span> <span class='ocrx_word' id='word_1_148' title='bbox 966 2434 1043 2488; x_wconf 87' lang='lat' dir='ltr'><strong>u’ent</strong></span> <span class='ocrx_word' id='word_1_149' title='bbox 1054 2433 1080 2487; x_wconf 89' lang='lat' dir='ltr'><strong>le</strong></span> <span class='ocrx_word' id='word_1_150' title='bbox 1093 2431 1269 2488; x_wconf 86' lang='lat' dir='ltr'><strong>commande-</strong></span> 
     </span>
     <span class='ocr_line' id='line_1_19' title="bbox 206 2521 1269 2599; baseline 0.001 -23"><span class='ocrx_word' id='word_1_151' title='bbox 206 2532 285 2577; x_wconf 87' lang='lat' dir='ltr'><strong>mcut</strong></span> <span class='ocrx_word' id='word_1_152' title='bbox 295 2523 423 2596; x_wconf 71' lang='lat' dir='ltr'><strong>qu&#39;aprcs</strong></span> <span class='ocrx_word' id='word_1_153' title='bbox 440 2521 777 2599; x_wconf 83' lang='lat' dir='ltr'><strong>Homsroi(r051-1057).</strong></span> <span class='ocrx_word' id='word_1_154' title='bbox 790 2523 868 2579; x_wconf 91' lang='lat' dir='ltr'><strong>Nous</strong></span> <span class='ocrx_word' id='word_1_155' title='bbox 882 2542 917 2578; x_wconf 86' lang='lat' dir='ltr'><strong>ue</strong></span> <span class='ocrx_word' id='word_1_156' title='bbox 927 2542 1043 2597; x_wconf 84' lang='lat' dir='ltr'><strong>croyons</strong></span> <span class='ocrx_word' id='word_1_157' title='bbox 1056 2541 1103 2596; x_wconf 84' lang='lat' dir='ltr'><strong>pas</strong></span> <span class='ocrx_word' id='word_1_158' title='bbox 1116 2523 1269 2579; x_wconf 75' lang='lat' dir='ltr'><strong>nccessaire</strong></span> 
     </span>
     <span class='ocr_line' id='line_1_20' title="bbox 207 2609 1270 2687; baseline 0.003 -24"><span class='ocrx_word' id='word_1_159' title='bbox 207 2610 330 2664; x_wconf 87' lang='lat' dir='ltr'><strong>d&#39;entrer</strong></span> <span class='ocrx_word' id='word_1_160' title='bbox 347 2611 383 2664; x_wconf 90' lang='lat' dir='ltr'><strong>ici</strong></span> <span class='ocrx_word' id='word_1_161' title='bbox 402 2609 470 2665; x_wconf 87' lang='lat' dir='ltr'><strong>dans</strong></span> <span class='ocrx_word' id='word_1_162' title='bbox 491 2611 517 2665; x_wconf 83' lang='lat' dir='ltr'><strong>le</strong></span> <span class='ocrx_word' id='word_1_163' title='bbox 533 2609 617 2666; x_wconf 76' lang='lat' dir='ltr'><strong>detail</strong></span> <span class='ocrx_word' id='word_1_164' title='bbox 631 2611 666 2666; x_wconf 90' lang='lat' dir='ltr'><strong>de</strong></span> <span class='ocrx_word' id='word_1_165' title='bbox 678 2612 752 2666; x_wconf 85' lang='lat' dir='ltr'><strong>leurs</strong></span> <span class='ocrx_word' id='word_1_166' title='bbox 764 2612 928 2687; x_wconf 68' lang='lat' dir='ltr'><strong>conquctes,</strong></span> <span class='ocrx_word' id='word_1_167' title='bbox 942 2612 1013 2668; x_wconf 91' lang='lat' dir='ltr'><strong>dont</strong></span> <span class='ocrx_word' id='word_1_168' title='bbox 1026 2623 1270 2668; x_wconf 86' lang='lat' dir='ltr'><strong>nonstrouverons</strong></span> 
     </span>
     <span class='ocr_line' id='line_1_21' title="bbox 207 2697 1270 2776; baseline 0 -23"><span class='ocrx_word' id='word_1_169' title='bbox 207 2698 352 2755; x_wconf 83' lang='lat' dir='ltr'><strong>l&#39;occasion</strong></span> <span class='ocrx_word' id='word_1_170' title='bbox 361 2697 396 2753; x_wconf 89' lang='lat' dir='ltr'><strong>de</strong></span> <span class='ocrx_word' id='word_1_171' title='bbox 409 2699 500 2772; x_wconf 80' lang='lat' dir='ltr'><strong>parier</strong></span> <span class='ocrx_word' id='word_1_172' title='bbox 510 2699 571 2774; x_wconf 87' lang='lat' dir='ltr'><strong>plus</strong></span> <span class='ocrx_word' id='word_1_173' title='bbox 579 2699 653 2755; x_wconf 87' lang='lat' dir='ltr'><strong>tard.</strong></span> <span class='ocrx_word' id='word_1_174' title='bbox 665 2701 751 2757; x_wconf 84' lang='lat' dir='ltr'><strong>Notre</strong></span> <span class='ocrx_word' id='word_1_175' title='bbox 764 2711 863 2757; x_wconf 87' lang='lat' dir='ltr'><strong>auteur</strong></span> <span class='ocrx_word' id='word_1_176' title='bbox 872 2701 935 2756; x_wconf 85' lang='lat' dir='ltr'><strong>s’est</strong></span> <span class='ocrx_word' id='word_1_177' title='bbox 944 2703 1054 2776; x_wconf 71' lang='lat' dir='ltr'><strong>trompe</strong></span> <span class='ocrx_word' id='word_1_178' title='bbox 1066 2720 1102 2757; x_wconf 88' lang='lat' dir='ltr'><strong>eu</strong></span> <span class='ocrx_word' id='word_1_179' title='bbox 1115 2719 1185 2756; x_wconf 89' lang='lat' dir='ltr'><strong>nous</strong></span> <span class='ocrx_word' id='word_1_180' title='bbox 1195 2697 1270 2754; x_wconf 84' lang='lat' dir='ltr'><strong>indi-</strong></span> 
     </span>
     <span class='ocr_line' id='line_1_22' title="bbox 208 2787 1272 2864; baseline 0.002 -23"><span class='ocrx_word' id='word_1_181' title='bbox 208 2798 297 2862; x_wconf 87' lang='lat' dir='ltr'><strong>quant</strong></span> <span class='ocrx_word' id='word_1_182' title='bbox 310 2788 399 2860; x_wconf 90' lang='lat' dir='ltr'><strong>parmi</strong></span> <span class='ocrx_word' id='word_1_183' title='bbox 417 2787 456 2842; x_wconf 90' lang='lat' dir='ltr'><strong>les</strong></span> <span class='ocrx_word' id='word_1_184' title='bbox 476 2789 584 2844; x_wconf 86' lang='lat' dir='ltr'><strong>ensauts</strong></span> <span class='ocrx_word' id='word_1_185' title='bbox 603 2788 638 2845; x_wconf 90' lang='lat' dir='ltr'><strong>de</strong></span> <span class='ocrx_word' id='word_1_186' title='bbox 654 2790 798 2846; x_wconf 73' lang='lat' dir='ltr'><strong>Taucrede</strong></span> <span class='ocrx_word' id='word_1_187' title='bbox 816 2790 852 2846; x_wconf 86' lang='lat' dir='ltr'><strong>de</strong></span> <span class='ocrx_word' id='word_1_188' title='bbox 864 2791 1020 2847; x_wconf 84' lang='lat' dir='ltr'><strong>Hauteville</strong></span> <span class='ocrx_word' id='word_1_189' title='bbox 1040 2809 1079 2845; x_wconf 89' lang='lat' dir='ltr'><strong>nu</strong></span> <span class='ocrx_word' id='word_1_190' title='bbox 1099 2807 1272 2864; x_wconf 75' lang='lat' dir='ltr'><strong>personnage</strong></span> 
     </span>
     <span class='ocr_line' id='line_1_23' title="bbox 209 2876 1274 2953; baseline 0.003 -23"><span class='ocrx_word' id='word_1_191' title='bbox 209 2877 322 2931; x_wconf 75' lang='lat' dir='ltr'><strong>nomme</strong></span> <span class='ocrx_word' id='word_1_192' title='bbox 332 2876 465 2932; x_wconf 87' lang='lat' dir='ltr'><strong>Herman.</strong></span> <span class='ocrx_word' id='word_1_193' title='bbox 478 2879 555 2933; x_wconf 84' lang='lat' dir='ltr'><strong>Ceux</strong></span> <span class='ocrx_word' id='word_1_194' title='bbox 567 2877 606 2932; x_wconf 89' lang='lat' dir='ltr'><strong>du</strong></span> <span class='ocrx_word' id='word_1_195' title='bbox 623 2880 744 2952; x_wconf 86' lang='lat' dir='ltr'><strong>premier</strong></span> <span class='ocrx_word' id='word_1_196' title='bbox 758 2879 807 2948; x_wconf 87' lang='lat' dir='ltr'><strong>lit,</strong></span> <span class='ocrx_word' id='word_1_197' title='bbox 822 2881 892 2935; x_wconf 86' lang='lat' dir='ltr'><strong>dont</strong></span> <span class='ocrx_word' id='word_1_198' title='bbox 903 2897 973 2935; x_wconf 89' lang='lat' dir='ltr'><strong>nous</strong></span> <span class='ocrx_word' id='word_1_199' title='bbox 992 2879 1103 2935; x_wconf 86' lang='lat' dir='ltr'><strong>n&#39;avous</strong></span> <span class='ocrx_word' id='word_1_200' title='bbox 1112 2896 1161 2953; x_wconf 82' lang='lat' dir='ltr'><strong>pas</strong></span> <span class='ocrx_word' id='word_1_201' title='bbox 1173 2894 1274 2933; x_wconf 82' lang='lat' dir='ltr'><strong>encore</strong></span> 
     </span>
     <span class='ocr_line' id='line_1_24' title="bbox 209 2965 1271 3038; baseline 0.003 -18"><span class='ocrx_word' id='word_1_202' title='bbox 209 2965 296 3038; x_wconf 74' lang='lat' dir='ltr'><strong>parte,</strong></span> <span class='ocrx_word' id='word_1_203' title='bbox 305 2966 410 3021; x_wconf 85' lang='lat' dir='ltr'><strong>e‘taient</strong></span> <span class='ocrx_word' id='word_1_204' title='bbox 419 2966 543 3023; x_wconf 89' lang='lat' dir='ltr'><strong>Geoffroi</strong></span> <span class='ocrx_word' id='word_1_205' title='bbox 557 2978 586 3023; x_wconf 88' lang='lat' dir='ltr'><strong>et</strong></span> <span class='ocrx_word' id='word_1_206' title='bbox 596 2968 704 3024; x_wconf 85' lang='lat' dir='ltr'><strong>Serlou.</strong></span> <span class='ocrx_word' id='word_1_207' title='bbox 713 2970 789 3025; x_wconf 85' lang='lat' dir='ltr'><strong>Ceux</strong></span> <span class='ocrx_word' id='word_1_208' title='bbox 800 2969 838 3024; x_wconf 90' lang='lat' dir='ltr'><strong>du</strong></span> <span class='ocrx_word' id='word_1_209' title='bbox 849 2965 951 3024; x_wconf 78' lang='lat' dir='ltr'><strong>second</strong></span> <span class='ocrx_word' id='word_1_210' title='bbox 958 2968 1001 3037; x_wconf 83' lang='lat' dir='ltr'><strong>lit,</strong></span> <span class='ocrx_word' id='word_1_211' title='bbox 1009 2968 1117 3025; x_wconf 86' lang='lat' dir='ltr'><strong>Robert</strong></span> <span class='ocrx_word' id='word_1_212' title='bbox 1123 2965 1271 3035; x_wconf 83' lang='lat' dir='ltr'><strong>Guiscard,</strong></span> 
     </span>
     <span class='ocr_line' id='line_1_25' title="bbox 210 3054 1273 3131; baseline 0.001 -22"><span class='ocrx_word' id='word_1_213' title='bbox 210 3055 337 3128; x_wconf 81' lang='lat' dir='ltr'><strong>Mauger,</strong></span> <span class='ocrx_word' id='word_1_214' title='bbox 352 3054 502 3124; x_wconf 82' lang='lat' dir='ltr'><strong>Alveredc‚</strong></span> <span class='ocrx_word' id='word_1_215' title='bbox 517 3057 693 3127; x_wconf 86' lang='lat' dir='ltr'><strong>Guillaume,</strong></span> <span class='ocrx_word' id='word_1_216' title='bbox 709 3059 862 3128; x_wconf 74' lang='lat' dir='ltr'><strong>numbers,</strong></span> <span class='ocrx_word' id='word_1_217' title='bbox 882 3057 1026 3114; x_wconf 75' lang='lat' dir='ltr'><strong>Tancrede</strong></span> <span class='ocrx_word' id='word_1_218' title='bbox 1040 3070 1069 3113; x_wconf 87' lang='lat' dir='ltr'><strong>et</strong></span> <span class='ocrx_word' id='word_1_219' title='bbox 1082 3057 1186 3131; x_wconf 81' lang='lat' dir='ltr'><strong>Rogcr.</strong></span> <span class='ocrx_word' id='word_1_220' title='bbox 1200 3055 1273 3110; x_wconf 85' lang='lat'><strong>-11</strong></span> 
     </span>
     <span class='ocr_line' id='line_1_26' title="bbox 210 3143 1275 3218; baseline 0.001 -20"><span class='ocrx_word' id='word_1_221' title='bbox 210 3144 296 3199; x_wconf 83' lang='lat' dir='ltr'><strong>existe</strong></span> <span class='ocrx_word' id='word_1_222' title='bbox 309 3145 373 3218; x_wconf 67' lang='lat' dir='ltr'><strong>pres</strong></span> <span class='ocrx_word' id='word_1_223' title='bbox 384 3143 420 3198; x_wconf 89' lang='lat' dir='ltr'><strong>de</strong></span> <span class='ocrx_word' id='word_1_224' title='bbox 431 3145 623 3202; x_wconf 84' lang='lat' dir='ltr'><strong>Cro&#39;rssanvillc</strong></span> <span class='ocrx_word' id='word_1_225' title='bbox 636 3166 675 3201; x_wconf 90' lang='lat' dir='ltr'><strong>un</strong></span> <span class='ocrx_word' id='word_1_226' title='bbox 683 3147 739 3202; x_wconf 83' lang='lat' dir='ltr'><strong>lieu</strong></span> <span class='ocrx_word' id='word_1_227' title='bbox 752 3150 864 3202; x_wconf 75' lang='lat' dir='ltr'><strong>nomme</strong></span> <span class='ocrx_word' id='word_1_228' title='bbox 873 3146 970 3215; x_wconf 87' lang='lat' dir='ltr'><strong>Carel;</strong></span> <span class='ocrx_word' id='word_1_229' title='bbox 984 3148 1053 3203; x_wconf 88' lang='lat' dir='ltr'><strong>mais</strong></span> <span class='ocrx_word' id='word_1_230' title='bbox 1065 3147 1173 3202; x_wconf 83' lang='lat' dir='ltr'><strong>suivant</strong></span> <span class='ocrx_word' id='word_1_231' title='bbox 1186 3145 1275 3202; x_wconf 86' lang='lat' dir='ltr'><strong>Odol·</strong></span> 
     </span>
     <span class='ocr_line' id='line_1_27' title="bbox 210 3231 1273 3311; baseline 0.002 -25"><span class='ocrx_word' id='word_1_232' title='bbox 210 3231 270 3287; x_wconf 84' lang='lat' dir='ltr'><strong>lant</strong></span> <span class='ocrx_word' id='word_1_233' title='bbox 287 3232 409 3300; x_wconf 87' lang='lat' dir='ltr'><strong>Desnos,</strong></span> <span class='ocrx_word' id='word_1_234' title='bbox 425 3234 572 3308; x_wconf 81' lang='lat' dir='ltr'><strong>Ausquetil</strong></span> <span class='ocrx_word' id='word_1_235' title='bbox 584 3235 620 3290; x_wconf 81' lang='lat' dir='ltr'><strong>dc</strong></span> <span class='ocrx_word' id='word_1_236' title='bbox 636 3235 795 3308; x_wconf 79' lang='lat' dir='ltr'><strong>Quadrellis</strong></span> <span class='ocrx_word' id='word_1_237' title='bbox 812 3237 881 3291; x_wconf 77' lang='lat' dir='ltr'><strong>etait</strong></span> <span class='ocrx_word' id='word_1_238' title='bbox 894 3237 1024 3311; x_wconf 74' lang='lat' dir='ltr'><strong>seigneur</strong></span> <span class='ocrx_word' id='word_1_239' title='bbox 1038 3234 1073 3290; x_wconf 91' lang='lat' dir='ltr'><strong>de</strong></span> <span class='ocrx_word' id='word_1_240' title='bbox 1092 3232 1273 3290; x_wconf 67' lang='lat' dir='ltr'><strong>Limera-la-</strong></span> 
     </span>
     <span class='ocr_line' id='line_1_28' title="bbox 211 3320 1274 3396; baseline 0.003 -21"><span class='ocrx_word' id='word_1_241' title='bbox 211 3322 346 3393; x_wconf 84' lang='lat' dir='ltr'><strong>Quarrel,</strong></span> <span class='ocrx_word' id='word_1_242' title='bbox 367 3320 403 3376; x_wconf 88' lang='lat' dir='ltr'><strong>de</strong></span> <span class='ocrx_word' id='word_1_243' title='bbox 423 3322 722 3395; x_wconf 78' lang='lat' dir='ltr'><strong>Vilaiucs-la-Quarrel</strong></span> <span class='ocrx_word' id='word_1_244' title='bbox 740 3325 991 3396; x_wconf 84' lang='lat' dir='ltr'><strong>(arroudissemeut</strong></span> <span class='ocrx_word' id='word_1_245' title='bbox 1011 3324 1046 3381; x_wconf 87' lang='lat' dir='ltr'><strong>de</strong></span> <span class='ocrx_word' id='word_1_246' title='bbox 1068 3325 1219 3396; x_wconf 83' lang='lat' dir='ltr'><strong>Mamers),</strong></span> <span class='ocrx_word' id='word_1_247' title='bbox 1244 3334 1274 3379; x_wconf 87' lang='lat' dir='ltr'><strong>et</strong></span> 
     </span>
     <span class='ocr_line' id='line_1_29' title="bbox 212 3409 1274 3490; baseline 0.004 -25"><span class='ocrx_word' id='word_1_248' title='bbox 212 3411 302 3466; x_wconf 72' lang='lat' dir='ltr'><strong>meme</strong></span> <span class='ocrx_word' id='word_1_249' title='bbox 320 3409 356 3467; x_wconf 82' lang='lat' dir='ltr'><strong>dc</strong></span> <span class='ocrx_word' id='word_1_250' title='bbox 380 3411 636 3470; x_wconf 75' lang='lat' dir='ltr'><strong>Corde-sur-Sarte</strong></span> <span class='ocrx_word' id='word_1_251' title='bbox 656 3416 720 3487; x_wconf 77' lang='lat' dir='ltr'><strong>pres</strong></span> <span class='ocrx_word' id='word_1_252' title='bbox 738 3416 872 3490; x_wconf 74' lang='lat' dir='ltr'><strong>Alenpon.</strong></span> <span class='ocrx_word' id='word_1_253' title='bbox 890 3419 936 3473; x_wconf 81' lang='lat' dir='ltr'><strong>Au</strong></span> <span class='ocrx_word' id='word_1_254' title='bbox 959 3426 1032 3471; x_wconf 88' lang='lat' dir='ltr'><strong>reste</strong></span> <span class='ocrx_word' id='word_1_255' title='bbox 1050 3414 1070 3471; x_wconf 88' lang='lat' dir='ltr'><strong>il</strong></span> <span class='ocrx_word' id='word_1_256' title='bbox 1090 3424 1131 3470; x_wconf 85' lang='lat' dir='ltr'><strong>est</strong></span> <span class='ocrx_word' id='word_1_257' title='bbox 1154 3412 1274 3486; x_wconf 84' lang='lat' dir='ltr'><strong>possible</strong></span> 
     </span>
     <span class='ocr_line' id='line_1_30' title="bbox 210 3498 1274 3575; baseline 0.002 -23"><span class='ocrx_word' id='word_1_258' title='bbox 210 3498 420 3574; x_wconf 76' lang='lat' dir='ltr'><strong>qn’Ansquetil,</strong></span> <span class='ocrx_word' id='word_1_259' title='bbox 438 3501 517 3574; x_wconf 70' lang='lat' dir='ltr'><strong>apres</strong></span> <span class='ocrx_word' id='word_1_260' title='bbox 535 3502 611 3555; x_wconf 86' lang='lat' dir='ltr'><strong>avoir</strong></span> <span class='ocrx_word' id='word_1_261' title='bbox 623 3503 681 3574; x_wconf 89' lang='lat' dir='ltr'><strong>pris</strong></span> <span class='ocrx_word' id='word_1_262' title='bbox 700 3519 749 3556; x_wconf 89' lang='lat' dir='ltr'><strong>sou</strong></span> <span class='ocrx_word' id='word_1_263' title='bbox 766 3521 832 3558; x_wconf 89' lang='lat' dir='ltr'><strong>nom</strong></span> <span class='ocrx_word' id='word_1_264' title='bbox 847 3503 882 3558; x_wconf 87' lang='lat' dir='ltr'><strong>de</strong></span> <span class='ocrx_word' id='word_1_265' title='bbox 898 3502 979 3559; x_wconf 81' lang='lat' dir='ltr'><strong>Carel</strong></span> <span class='ocrx_word' id='word_1_266' title='bbox 995 3504 1058 3575; x_wconf 70' lang='lat' dir='ltr'><strong>pres</strong></span> <span class='ocrx_word' id='word_1_267' title='bbox 1070 3501 1274 3558; x_wconf 84' lang='lat' dir='ltr'><strong>Saint-Picrre-</strong></span> 
     </span>
     <span class='ocr_line' id='line_1_31' title="bbox 211 3588 1275 3665; baseline 0.001 -22"><span class='ocrx_word' id='word_1_268' title='bbox 211 3588 354 3658; x_wconf 85' lang='lat' dir='ltr'><strong>sur·Dive,</strong></span> <span class='ocrx_word' id='word_1_269' title='bbox 372 3588 430 3644; x_wconf 86' lang='lat' dir='ltr'><strong>l’ait</strong></span> <span class='ocrx_word' id='word_1_270' title='bbox 446 3589 539 3645; x_wconf 75' lang='lat' dir='ltr'><strong>donne</strong></span> <span class='ocrx_word' id='word_1_271' title='bbox 550 3594 566 3645; x_wconf 73' lang='lat' dir='ltr'><strong>tr</strong></span> <span class='ocrx_word' id='word_1_272' title='bbox 576 3609 619 3646; x_wconf 86' lang='lat' dir='ltr'><strong>ses</strong></span> <span class='ocrx_word' id='word_1_273' title='bbox 631 3592 786 3665; x_wconf 64' lang='lat' dir='ltr'><strong>proprietas</strong></span> <span class='ocrx_word' id='word_1_274' title='bbox 801 3592 840 3648; x_wconf 84' lang='lat' dir='ltr'><strong>du</strong></span> <span class='ocrx_word' id='word_1_275' title='bbox 853 3594 995 3649; x_wconf 84' lang='lat' dir='ltr'><strong>Saonnais.</strong></span> <span class='ocrx_word' id='word_1_276' title='bbox 1009 3590 1134 3647; x_wconf 86' lang='lat' dir='ltr'><strong>Richard</strong></span> <span class='ocrx_word' id='word_1_277' title='bbox 1146 3589 1182 3645; x_wconf 87' lang='lat' dir='ltr'><strong>de</strong></span> <span class='ocrx_word' id='word_1_278' title='bbox 1194 3588 1275 3646; x_wconf 85' lang='lat' dir='ltr'><strong>Carel</strong></span> 
     </span>
     <span class='ocr_line' id='line_1_32' title="bbox 211 3679 1272 3750; baseline 0.003 -18"><span class='ocrx_word' id='word_1_279' title='bbox 211 3679 314 3750; x_wconf 73' lang='lat' dir='ltr'><strong>epousa</strong></span> <span class='ocrx_word' id='word_1_280' title='bbox 335 3697 391 3734; x_wconf 89' lang='lat' dir='ltr'><strong>nne</strong></span> <span class='ocrx_word' id='word_1_281' title='bbox 408 3697 482 3734; x_wconf 84' lang='lat' dir='ltr'><strong>soenr</strong></span> <span class='ocrx_word' id='word_1_282' title='bbox 501 3679 549 3734; x_wconf 88' lang='lat' dir='ltr'><strong>des</strong></span> <span class='ocrx_word' id='word_1_283' title='bbox 569 3681 678 3736; x_wconf 85' lang='lat' dir='ltr'><strong>eusants</strong></span> <span class='ocrx_word' id='word_1_284' title='bbox 694 3682 729 3737; x_wconf 85' lang='lat' dir='ltr'><strong>de</strong></span> <span class='ocrx_word' id='word_1_285' title='bbox 742 3683 887 3740; x_wconf 71' lang='lat' dir='ltr'><strong>Tancrcde</strong></span> <span class='ocrx_word' id='word_1_286' title='bbox 899 3682 935 3739; x_wconf 88' lang='lat' dir='ltr'><strong>de</strong></span> <span class='ocrx_word' id='word_1_287' title='bbox 948 3681 1103 3739; x_wconf 85' lang='lat' dir='ltr'><strong>Hauteville</strong></span> <span class='ocrx_word' id='word_1_288' title='bbox 1122 3691 1151 3736; x_wconf 87' lang='lat' dir='ltr'><strong>et</strong></span> <span class='ocrx_word' id='word_1_289' title='bbox 1162 3680 1272 3747; x_wconf 84' lang='lat' dir='ltr'><strong>obtiut,</strong></span> 
     </span>
     <span class='ocr_line' id='line_1_33' title="bbox 211 3768 1271 3847; baseline 0.003 -26"><span class='ocrx_word' id='word_1_290' title='bbox 211 3785 284 3840; x_wconf 90' lang='lat' dir='ltr'><strong>pour</strong></span> <span class='ocrx_word' id='word_1_291' title='bbox 296 3785 325 3822; x_wconf 87' lang='lat' dir='ltr'><strong>sa</strong></span> <span class='ocrx_word' id='word_1_292' title='bbox 337 3779 400 3842; x_wconf 85' lang='lat' dir='ltr'><strong>part</strong></span> <span class='ocrx_word' id='word_1_293' title='bbox 412 3768 480 3823; x_wconf 85' lang='lat' dir='ltr'><strong>daus</strong></span> <span class='ocrx_word' id='word_1_294' title='bbox 493 3768 518 3824; x_wconf 85' lang='lat' dir='ltr'><strong>la</strong></span> <span class='ocrx_word' id='word_1_295' title='bbox 538 3771 690 3845; x_wconf 61' lang='lat' dir='ltr'><strong>conquire,</strong></span> <span class='ocrx_word' id='word_1_296' title='bbox 708 3772 733 3826; x_wconf 86' lang='lat' dir='ltr'><strong>la</strong></span> <span class='ocrx_word' id='word_1_297' title='bbox 750 3773 925 3847; x_wconf 76' lang='lat' dir='ltr'><strong>principante</strong></span> <span class='ocrx_word' id='word_1_298' title='bbox 937 3772 972 3827; x_wconf 88' lang='lat' dir='ltr'><strong>dc</strong></span> <span class='ocrx_word' id='word_1_299' title='bbox 985 3771 1107 3845; x_wconf 86' lang='lat' dir='ltr'><strong>Capone.</strong></span> <span class='ocrx_word' id='word_1_300' title='bbox 1121 3768 1271 3837; x_wconf 85' lang='lat' dir='ltr'><strong>Jourdain,</strong></span> 
     </span>
     <span class='ocr_line' id='line_1_34' title="bbox 213 3854 1275 3933; baseline 0.001 -23"><span class='ocrx_word' id='word_1_301' title='bbox 213 3872 263 3910; x_wconf 90' lang='lat' dir='ltr'><strong>son</strong></span> <span class='ocrx_word' id='word_1_302' title='bbox 277 3854 319 3910; x_wconf 85' lang='lat' dir='ltr'><strong>fils</strong></span> <span class='ocrx_word' id='word_1_303' title='bbox 331 3866 360 3911; x_wconf 88' lang='lat' dir='ltr'><strong>et</strong></span> <span class='ocrx_word' id='word_1_304' title='bbox 376 3874 426 3911; x_wconf 86' lang='lat' dir='ltr'><strong>son</strong></span> <span class='ocrx_word' id='word_1_305' title='bbox 439 3873 606 3925; x_wconf 86' lang='lat' dir='ltr'><strong>successeur,</strong></span> <span class='ocrx_word' id='word_1_306' title='bbox 620 3861 723 3932; x_wconf 63' lang='lat' dir='ltr'><strong>sponsa</strong></span> <span class='ocrx_word' id='word_1_307' title='bbox 736 3878 791 3915; x_wconf 89' lang='lat' dir='ltr'><strong>une</strong></span> <span class='ocrx_word' id='word_1_308' title='bbox 805 3860 859 3915; x_wconf 80' lang='lat' dir='ltr'><strong>fille</strong></span> <span class='ocrx_word' id='word_1_309' title='bbox 871 3859 910 3914; x_wconf 90' lang='lat' dir='ltr'><strong>du</strong></span> <span class='ocrx_word' id='word_1_310' title='bbox 923 3859 1020 3933; x_wconf 86' lang='lat' dir='ltr'><strong>priuce</strong></span> <span class='ocrx_word' id='word_1_311' title='bbox 1033 3857 1068 3914; x_wconf 87' lang='lat' dir='ltr'><strong>de</strong></span> <span class='ocrx_word' id='word_1_312' title='bbox 1084 3857 1206 3915; x_wconf 84' lang='lat' dir='ltr'><strong>Salerue.</strong></span> <span class='ocrx_word' id='word_1_313' title='bbox 1223 3855 1275 3911; x_wconf 87' lang='lat' dir='ltr'><strong>Ri-</strong></span> 
     </span>
     <span class='ocr_line' id='line_1_35' title="bbox 211 3942 1276 4023; baseline 0.001 -25"><span class='ocrx_word' id='word_1_314' title='bbox 211 3942 298 3998; x_wconf 83' lang='lat' dir='ltr'><strong>chard</strong></span> <span class='ocrx_word' id='word_1_315' title='bbox 317 3946 358 4013; x_wconf 86' lang='lat'><strong>11,</strong></span> <span class='ocrx_word' id='word_1_316' title='bbox 382 3946 449 4000; x_wconf 88' lang='lat' dir='ltr'><strong>sorti</strong></span> <span class='ocrx_word' id='word_1_317' title='bbox 469 3943 504 4000; x_wconf 90' lang='lat' dir='ltr'><strong>de</strong></span> <span class='ocrx_word' id='word_1_318' title='bbox 521 3954 594 4000; x_wconf 86' lang='lat' dir='ltr'><strong>cette</strong></span> <span class='ocrx_word' id='word_1_319' title='bbox 615 3949 719 4017; x_wconf 87' lang='lat' dir='ltr'><strong>uuion,</strong></span> <span class='ocrx_word' id='word_1_320' title='bbox 733 3948 777 4004; x_wconf 85' lang='lat' dir='ltr'><strong>sut</strong></span> <span class='ocrx_word' id='word_1_321' title='bbox 794 3947 935 4023; x_wconf 71' lang='lat' dir='ltr'><strong>de‘pouille</strong></span> <span class='ocrx_word' id='word_1_322' title='bbox 955 3948 990 4004; x_wconf 88' lang='lat' dir='ltr'><strong>de</strong></span> <span class='ocrx_word' id='word_1_323' title='bbox 1008 3948 1033 4004; x_wconf 83' lang='lat' dir='ltr'><strong>ia</strong></span> <span class='ocrx_word' id='word_1_324' title='bbox 1047 3947 1224 4022; x_wconf 71' lang='lat' dir='ltr'><strong>principante</strong></span> <span class='ocrx_word' id='word_1_325' title='bbox 1240 3944 1276 4000; x_wconf 82' lang='lat' dir='ltr'><strong>de</strong></span> 
     </span>
     <span class='ocr_line' id='line_1_36' title="bbox 210 4034 1272 4108; baseline 0.002 -20"><span class='ocrx_word' id='word_1_326' title='bbox 210 4034 324 4106; x_wconf 84' lang='lat' dir='ltr'><strong>Capone</strong></span> <span class='ocrx_word' id='word_1_327' title='bbox 333 4054 383 4107; x_wconf 85' lang='lat' dir='ltr'><strong>par</strong></span> <span class='ocrx_word' id='word_1_328' title='bbox 394 4035 489 4108; x_wconf 82' lang='lat' dir='ltr'><strong>Roger</strong></span> <span class='ocrx_word' id='word_1_329' title='bbox 497 4035 540 4103; x_wconf 88' lang='lat'><strong>11,</strong></span> <span class='ocrx_word' id='word_1_330' title='bbox 552 4046 643 4091; x_wconf 80' lang='lat' dir='ltr'><strong>comte</strong></span> <span class='ocrx_word' id='word_1_331' title='bbox 656 4036 691 4092; x_wconf 88' lang='lat' dir='ltr'><strong>de</strong></span> <span class='ocrx_word' id='word_1_332' title='bbox 701 4039 890 4095; x_wconf 79' lang='lat' dir='ltr'><strong>sicile-Les</strong></span> <span class='ocrx_word' id='word_1_333' title='bbox 898 4039 975 4095; x_wconf 80' lang='lat' dir='ltr'><strong>vilica</strong></span> <span class='ocrx_word' id='word_1_334' title='bbox 987 4041 1129 4095; x_wconf 76' lang='lat' dir='ltr'><strong>nommees</strong></span> <span class='ocrx_word' id='word_1_335' title='bbox 1143 4037 1178 4091; x_wconf 91' lang='lat' dir='ltr'><strong>ici</strong></span> <span class='ocrx_word' id='word_1_336' title='bbox 1191 4046 1272 4092; x_wconf 87' lang='lat' dir='ltr'><strong>sont:</strong></span> 
     </span>
     <span class='ocr_line' id='line_1_37' title="bbox 211 4122 1275 4204; baseline 0.001 -28"><span class='ocrx_word' id='word_1_337' title='bbox 211 4122 279 4177; x_wconf 84' lang='lat' dir='ltr'><strong>dans</strong></span> <span class='ocrx_word' id='word_1_338' title='bbox 295 4123 320 4179; x_wconf 84' lang='lat' dir='ltr'><strong>le</strong></span> <span class='ocrx_word' id='word_1_339' title='bbox 342 4142 472 4196; x_wconf 85' lang='lat' dir='ltr'><strong>royaume</strong></span> <span class='ocrx_word' id='word_1_340' title='bbox 491 4124 526 4180; x_wconf 88' lang='lat' dir='ltr'><strong>de</strong></span> <span class='ocrx_word' id='word_1_341' title='bbox 547 4123 661 4198; x_wconf 85' lang='lat' dir='ltr'><strong>Naples,</strong></span> <span class='ocrx_word' id='word_1_342' title='bbox 682 4127 810 4198; x_wconf 76' lang='lat' dir='ltr'><strong>salerne,</strong></span> <span class='ocrx_word' id='word_1_343' title='bbox 824 4129 900 4198; x_wconf 85' lang='lat' dir='ltr'><strong>Bari,</strong></span> <span class='ocrx_word' id='word_1_344' title='bbox 918 4131 1044 4204; x_wconf 80' lang='lat' dir='ltr'><strong>Capoue;</strong></span> <span class='ocrx_word' id='word_1_345' title='bbox 1059 4147 1093 4183; x_wconf 87' lang='lat' dir='ltr'><strong>eu</strong></span> <span class='ocrx_word' id='word_1_346' title='bbox 1108 4125 1206 4192; x_wconf 76' lang='lat' dir='ltr'><strong>sicile,</strong></span> <span class='ocrx_word' id='word_1_347' title='bbox 1222 4125 1275 4179; x_wconf 88' lang='lat' dir='ltr'><strong>Pa-</strong></span> 
     </span>
     <span class='ocr_line' id='line_1_38' title="bbox 211 4211 741 4280; baseline 0.011 -15"><span class='ocrx_word' id='word_1_348' title='bbox 211 4211 311 4280; x_wconf 79' lang='lat' dir='ltr'><strong>lcrme,</strong></span> <span class='ocrx_word' id='word_1_349' title='bbox 328 4214 431 4268; x_wconf 85' lang='lat' dir='ltr'><strong>Catane</strong></span> <span class='ocrx_word' id='word_1_350' title='bbox 443 4224 471 4268; x_wconf 86' lang='lat' dir='ltr'><strong>et</strong></span> <span class='ocrx_word' id='word_1_351' title='bbox 484 4214 741 4273; x_wconf 83' lang='lat' dir='ltr'><strong>Castcl-Giorauni.</strong></span> 
     </span>
    </p>
   </div>
   <div class='ocr_carea' id='block_1_4' title="bbox 0 0 1492 4980">
    <p class='ocr_par' dir='ltr' id='par_1_4' title="bbox 0 0 1492 4980">
     <span class='ocr_line' id='line_1_39' title="bbox 0 0 1492 4980; baseline 0 0"><span class='ocrx_word' id='word_1_352' title='bbox 0 0 1492 4980; x_wconf 95' lang='lat' dir='ltr'><strong> </strong></span> 
     </span>
    </p>
   </div>
  </div>
 </body>
</html>
