2910 4980
559 418 675 480 LIBER
697 419 881 494 QUINTUS.
1195 423 1255 483 355

188 541 243 613 sui
261 564 402 613 veneno
423 539 553 637 periit,
577 554 613 611 et
631 537 809 638 Agilulfus
827 549 903 639 Ago
926 540 1159 613 Taurinacius
1183 540 1257 615 dux

189 657 350 756 reginam
362 670 398 730 et
410 681 562 756 regnum
571 653 750 744 obtinuit,
767 657 997 756 moriensque
1009 672 1091 754 post
1103 682 1178 733 xxv
1192 685 1255 731 arr-

190 801 257 851 nos
273 773 351 849 filio
366 799 431 849 suo
446 772 645 849 Adoloaldo
658 799 812 874 regnum
826 774 986 873 reliquit.
1003 774 1052 849 At
1064 791 1256 876 postquam

192 891 413 967 Adoloaldus
435 917 518 963 cum
541 906 741 964 matresua
766 889 983 965 Teodelinda
1007 891 1129 966 decem
1155 894 1259 967 annis

192 1011 374 1110 regnarit,
391 1035 497 1109 super
509 1007 763 1109 Langobardos
780 1007 968 1080 Arioaldus
985 1034 1037 1081 xn
1056 1010 1160 1082 annis
1176 1037 1260 1110 reg·
1312 1027 1313 1030 ’

192 1152 282 1199 taum
298 1126 419 1199 tenuit
430 1152 441 1211 ;
461 1125 518 1198 eui
537 1123 727 1199 Rotharith
743 1123 879 1196 viribus
900 1123 1018 1210 sortis,
1038 1124 1098 1198 sed
1115 1125 1260 1200 Arianae

194 1241 367 1315 haereseos
378 1239 525 1340 perfidia
535 1241 744 1326 maculatus,
757 1242 934 1315 suecessit.
949 1241 1031 1328 Hic,
1047 1240 1109 1315 ubi
1122 1268 1183 1317 xvr
1195 1270 1259 1317 an·

193 1360 250 1432 nis
265 1359 451 1460 regnavit,
471 1357 656 1433 Rodoaldo
672 1357 748 1432 filio
767 1383 833 1433 suo
850 1384 1003 1458 regnum
1021 1360 1177 1448 dimisit3
1195 1363 1259 1462 qui

193 1488 310 1572 postu
331 1499 445 1547 anuos
459 1474 515 1570 (r)
524 1526 535 1559 ‚
554 1472 641 1544 dum
656 1473 694 1544 in
707 1472 861 1567 mechis
879 1473 1111 1571 reperiretur,
1126 1501 1144 1547 a
1158 1475 1260 1548 rivali

195 1614 382 1686 percussus
397 1586 633 1686 Langobardo
645 1588 794 1660 interiit.
808 1588 996 1687 dripertus
1009 1602 1142 1677 autem,
1158 1588 1263 1664 Gun-

194 1703 315 1781 dualdi
331 1705 445 1792 filius,
468 1704 696 1779 Teodelindae
713 1706 847 1805 reginas
871 1729 997 1802 nepos,
1018 1708 1202 1792 successit,
1228 1726 1263 1782 et

195 1837 446 1922 postrxannos
456 1822 614 1896 moriens
625 1821 707 1895 filiis
716 1823 788 1894 suis
795 1818 1001 1895 Beraharnh
1012 1848 1051 1894 ac
1063 1821 1263 1898 Godiberto

196 1965 350 2040 regnum
371 1937 521 2011 dimisit.
546 1937 663 2011 Porro
680 1936 908 2011 Grimoaldus
926 1938 1263 2014 Beneventanorum

197 2053 271 2129 dux
281 2052 515 2129 Rodelindam
524 2054 682 2152 Ariperti
694 2051 903 2151 regisfiliam
912 2055 1102 2152 conjugem
1111 2055 1260 2153 accepit,

197 2185 235 2245 et
244 2169 374 2243 fratres
385 2171 459 2267 ejus
470 2167 712 2242 Godibertum
721 2193 804 2240 ense
817 2168 982 2267 peremit,
996 2182 1104 2268 atque
1116 2167 1265 2243 Bertha·

198 2285 273 2360 rith
281 2286 443 2385 deregno
450 2284 599 2384 fugavit.
610 2283 1107 2382 Quopostrxannosmortuo‚
1115 2285 1265 2359 Bertha·

200 2401 277 2479 rith
289 2428 441 2502 regnum
453 2400 608 2499 recepit,
624 2415 660 2472 et
673 2395 906 2474 Garibaldum
919 2398 1118 2477 Grimouldi
1132 2399 1262 2490 filium,

199 2520 262 2620 qui
276 2533 358 2619 post
369 2532 509 2616 patrem
521 2516 637 2590 tribus
649 2514 832 2593 mensibus
846 2532 1029 2616 regnarat,
1044 2516 1262 2591 exturbavit.

201 2638 286 2709 Post
299 2657 390 2707 xvtn
404 2657 517 2706 annos
530 2631 751 2720 Beatharith‚
765 2633 983 2732 cunipertus
999 2657 1051 2706 xn
1063 2635 1166 2705 annis
1180 2661 1264 2735 reg-

202 2752 302 2823 navit
310 2778 321 2836 ;
341 2774 416 2850 quo
439 2747 611 2822 defuncto
623 2803 633 2837 ,
657 2750 694 2821 in
715 2744 856 2821 duobus
873 2749 977 2820 annis
1000 2772 1036 2820 ιν
1060 2775 1159 2849 reges
1179 2773 1265 2850 gens

203 2865 518 2967 Langobardorum
538 2863 663 2937 habuit
680 2895 688 2935 :
707 2865 743 2936 id
761 2881 813 2938 est
830 2865 1059 2963 liutpertum
1076 2867 1263 2967 Cuniperti

203 2983 336 3072 fllium,
353 2979 612 3081 Raginbertum
632 2981 759 3054 ducem
781 2980 1058 3054 Taurinensium
1076 2980 1263 3056 Godiberti

201 3099 337 3186 filium,
354 3113 392 3172 et
407 3098 616 3198 Aripertum
634 3101 707 3195 ejus
723 3096 860 3186 filium,
880 3113 916 3171 et
928 3096 1120 3171 flotharith
1136 3099 1264 3174 ducem

199 3215 504 3318 Bergamensium.
532 3214 694 3315 Denique
719 3214 907 3313 Aripertus
937 3214 1070 3287 fortior
1094 3213 1264 3289 omnibus

199 3331 433 3431 liutpertum
456 3346 493 3404 et
512 3329 705 3404 Rotharith
722 3331 875 3418 occidit3
898 3331 1151 3430 Ansprandum
1176 3359 1264 3407 vero

198 3448 398 3522 nutritium
407 3449 582 3546 Liutperti
593 3446 1058 3546 deinsuleCoinmacina(2)
1068 3447 1218 3551 fugavit,
1228 3468 1264 3524 et

198 3562 475 3667 sigisbrandum
499 3566 614 3638 filium
632 3572 706 3663 ejus
723 3565 837 3637 oculis
859 3565 1035 3663 privavit,
1062 3589 1264 3667 novemque

199 3685 308 3766 annis
335 3683 564 3784 postmodum
593 3684 777 3782 regnavit,
805 3698 1002 3782 sanctoque
1028 3685 1135 3756 Petro
1161 3684 1263 3782 plura

201 3828 287 3903 quae
307 3815 542 3873 antecessores
564 3801 637 3896 ejus
658 3795 877 3870 abstulerant
897 3796 1064 3870 reddidit.
1087 3799 1163 3896 lpse
1186 3826 1264 3897 pos-

239 4089 279 4156 (1)
297 4086 389 4140 Lisez:
406 4103 521 4139 menses.

243 4178 282 4247 (u)
303 4175 367 4229 ttte
382 4176 417 4229 oti
431 4185 471 4229 est
486 4175 572 4229 situde
586 4174 765 4240 Commutato,
780 4176 794 4226 ai
808 4172 1014 4227 l'eutbouchure
1027 4173 1064 4228 du
1079 4174 1126 4228 Po.
