2910 4980
188 466 228 523 76
462 457 645 520 lllS'l'Ollll
666 452 970 516 EchFstssttct.
1039 452 1249 531 [lost-1061]

188 596 225 654 et
239 578 410 653 Ricanlus
421 578 466 652 de
482 576 711 664 Nova-Villa,
727 574 910 648 Baldricus
926 572 972 645 de
988 570 1197 671 Balgenasio
1212 584 1252 643 et

191 695 377 795 Wigcrius
394 692 596 793 Apuliensis
613 694 630 788 (
638 694 681 789 ι).
705 692 750 764 lli
769 691 943 763 nimirum
959 687 1027 760 sub
1042 686 1133 760 duce
1149 682 1253 759 Wil-

192 809 307 883 lermo
328 834 453 909 magna
475 810 685 882 strenuitate
705 808 916 907 viguerunt,
938 803 1135 903 multisque
1155 798 1253 873 diri-

194 927 252 997 tiis
275 942 312 999 et
336 924 534 999 honoribus
552 922 597 997 ab
617 949 661 998 eo
679 922 783 996 ditati
805 924 972 1007 luerunt,
992 935 1031 994 et
1051 908 1254 993 haeredibus

194 1045 265 1116 suis
289 1044 422 1145 amplas
449 1044 685 1144 possessiones
710 1043 747 1115 in
773 1040 996 1115 Normannia
1023 1036 1252 1110 dimiserunt.

241 1162 420 1235 Baldricus
428 1216 440 1251 ,
454 1162 516 1262 qui
531 1159 709 1235 honorem
719 1160 765 1233 de
776 1158 984 1259 Balgenaaio
996 1181 1078 1229 cum
1087 1150 1256 1255 Wigerio

194 1276 306 1353 fratre
321 1305 386 1351 suo
402 1277 576 1379 possedit,
595 1276 781 1351 Elisabeth
802 1301 965 1350 sororem
987 1298 1087 1346 suam
1103 1268 1256 1345 Falconi

194 1392 238 1466 de
254 1393 476 1468 Bona-Valle
490 1394 544 1492 (a)
562 1410 710 1467 strenuo
727 1392 834 1465 militi
854 1392 891 1465 in
911 1390 1119 1491 conjugium
1134 1384 1256 1473 dedit,

196 1524 233 1583 et
251 1508 433 1583 ecclesiam
448 1510 569 1582 Sancti
588 1510 724 1583 Nicolai
737 1510 813 1608 (ὅ),
828 1535 936 1610 quam
952 1522 1054 1608 pater
1066 1530 1153 1578 suus
1168 1527 1259 1578 cou-

196 1641 393 1713 struxerat,
408 1651 491 1697 cum
506 1625 679 1726 adjacenti
697 1627 811 1701 fundo
829 1627 865 1700 in
881 1625 1052 1725 mariagio
1068 1619 1256 1697 concessit.

197 1741 310 1815 Fulco
341 1757 461 1816 autem
492 1740 606 1816 lutari
645 1744 817 1843 temporis
848 1768 990 1816 memor
1020 1738 1260 1815 'l'eodericum

199 1858 314 1933 filium
335 1885 459 1949 suum,
483 1886 592 1959 quem
607 1860 823 1934 'leodericus
842 1857 950 1932 abbas
971 1858 1016 1930 dc
1038 1852 1262 1930 sacrofonte

200 1978 393 2067 levaverat,
420 1978 497 2051 Deo
513 1978 558 2050 ad
578 1976 831 2051 monachatum
856 1979 893 2050 in
913 1973 1086 2049 coenobio
1101 1970 1262 2046 Uticensi

198 2092 359 2179 obtulit,
394 2094 582 2193 ipsumque
613 2119 765 2193 puerum
795 2110 831 2166 et
859 2090 1045 2192 praelatam
1080 2086 1264 2162 ecclesiam

201 2210 322 2283 Sancti
340 2212 478 2284 Nicolai
497 2238 564 2310 pro
584 2213 703 2284 anima
722 2237 803 2302 sua,
824 2211 1094 2307 amicorumque
1115 2204 1266 2279 suorum

201 2328 313 2400 salute
331 2328 368 2400 in
390 2329 579 2426 praesentia
597 2327 772 2400 llodberti
796 2324 934 2399 abbatis
956 2328 1088 2400 Sancto
1109 2316 1265 2401 Ebrull'o

204 2444 390 2515 concessit.
414 2444 492 2515 lloc
514 2444 621 2517 etiam
645 2441 827 2515 Baldricus
847 2459 884 2516 et
903 2442 1086 2541 Wigerius
1110 2454 1147 2512 et
1167 2434 1267 2511 Wil-

203 2556 337 2629 lermus
357 2558 402 2631 de
426 2558 669 2648 Bona-Valle,
692 2559 824 2660 aliique
845 2575 1010 2657 parentes
1035 2581 1161 2631 eorum
1181 2580 1268 2657 gra-

206 2687 324 2746 tanter
351 2692 625 2765 concesserunt,
651 2692 688 2750 et
718 2678 802 2775 ipsi,
825 2676 958 2776 aliique
982 2675 1089 2747 multi
1119 2672 1183 2773 qui
1210 2668 1269 2743 al*-

205 2789 375 2875 fuerunt,
402 2790 550 2889 legitimi
571 2805 675 2865 testes
694 2793 944 2892 suprascriptae
962 2789 1201 2864 concessionis
1222 2782 1269 2859 ad

208 2906 398 2981 utilitatem
424 2908 582 2982 ecclesiae
605 2911 816 2984 extiterunt.
842 2912 947 2982 Tunc
971 2910 1145 3010 llogerius
1168 2909 1272 2979 'l'an-

208 3022 304 3096 credi
329 3024 374 3098 de
400 3026 594 3099 Alta-Villa
619 3027 714 3100 lilius
739 3030 777 3101 in
801 3028 939 3099 ltaliam
962 3051 1112 3127 pergens
1138 3022 1273 3111 ibidem

207 3139 310 3211 alluit
319 3193 330 3227 ,
362 3142 426 3241 qui
455 3157 576 3240 postea
600 3146 749 3243 juvante
780 3144 856 3217 Deo
887 3144 1043 3216 Siciliam
1074 3166 1201 3241 magna
1228 3164 1275 3213 cx

209 3272 310 3356 parte
334 3254 515 3350 obtinuit,
535 3275 571 3331 et
589 3258 697 3334 Afros
713 3259 923 3359 Siculosque
940 3275 976 3333 et
992 3259 1075 3331 alias
1092 3270 1216 3356 gentes
1234 3254 1275 3327 in

209 3374 392 3448 Christum
411 3400 488 3447 non
509 3376 710 3466 credentes,
732 3403 813 3477 quae
831 3376 1020 3475 praesatam
1039 3373 1192 3447 insulam
1207 3370 1276 3445 de-

209 3492 413 3583 vastabant,
432 3494 540 3566 armis
557 3494 704 3583 invasit,
726 3495 899 3594 protrivit
919 3508 955 3567 et
971 3492 1163 3591 superavit.
1181 3490 1277 3565 Pau

248 3768 288 3837 (r)
300 3766 410 3822 Nicolas
425 3764 460 3821 de
474 3766 788 3841 &quasilla-cufim,
806 3766 931 3841 Foulque
946 3764 1096 3833 dnonas,
1119 3764 1226 3821 llobert
1242 3764 1280 3821 de

213 3858 315 3913 enaret
336 3858 418 3931 (pres
438 3856 665 3929 Croissanvillc);
687 3856 811 3913 llichard
831 3857 866 3911 dc
884 3854 1010 3911 Neuville
1026 3856 1184 3929 (peut-vitre
1201 3854 1279 3911 Nett-

214 3944 502 4019 ville·sur-Tonque);
518 3946 620 4001 Baudri
633 3946 669 4003 de
681 3948 858 4020 llocquencc;
873 3945 973 4019 Wiger
986 3944 1021 4000 de
1035 3945 1059 3998 la
1072 3944 1191 4000 Pouille.

249 4036 289 4107 (a)
299 4036 484 4093 Salat-:lubin
491 4036 528 4093 (le
541 4038 690 4105 Bonneval,
700 4048 779 4092 entre
790 4035 816 4090 lc
827 4034 882 4109 Sap
890 4046 920 4089 ct
933 4034 1036 4091 Orbcc.

256 4120 290 4169 'l
300 4124 728 4185 l’rolsalslemcnt'saint-Nicolas
739 4126 788 4183 slas
802 4126 934 4189 latticrs,
949 4142 1095 4181 commune
1109 4122 1251 4197 adjacente
1266 4128 1282 4177 'a

308 4218 386 4273 enus.
