2910 4980
195 482 254 544 406
467 484 651 545 HISTORIA
673 484 978 548 ECCLESIASTICA.

195 612 231 676 in
261 606 480 677 monasterio
510 622 677 677 cantetur
700 633 922 707 unaquaque
949 608 1152 682 Dominica
1182 613 1251 684 die.

196 721 315 793 Unam
332 721 555 820 Burgensem
571 725 610 793 in
627 724 790 797 Bretolio
809 724 995 798 nwnocliis
1013 725 1062 799 do
1070 782 1084 816 ,
1106 743 1140 798 et
1156 753 1254 826 qua-

193 865 264 937 que
279 838 440 912 homines
456 847 526 911 mei
543 841 729 913 Ricardus
748 840 900 914 Fiesnel
918 842 972 941 (ι)
990 869 1038 916 oc
1053 843 1255 918 Guilkmus

192 958 276 1028 Alis
291 957 344 1055 (2)
370 972 404 1028 et
418 955 607 1052 liudulfus
624 957 671 1030 de
687 958 876 1031 lacunela
894 960 967 1058 (3),
987 960 1128 1060 aliique
1144 961 1256 1034 dede-

193 1090 295 1163 ront,
323 1076 374 1148 eis
396 1074 571 1148 concedo.
600 1075 696 1149 Haec
714 1076 1000 1177 praesentialiter
1017 1079 1085 1167 do,
1116 1078 1259 1178 illisque

192 1193 383 1266 consilinm
403 1211 436 1265 et
453 1193 636 1266 ancilium
662 1210 696 1266 et
710 1195 819 1293 plura
845 1193 1020 1295 beneficia
1034 1194 1203 1295 fideliter
1224 1197 1258 1266 in

192 1325 301 1380 antea
321 1312 505 1410 promitto.
534 1310 581 1380 Et
604 1315 665 1409 qui
686 1309 767 1381 haec
786 1309 1007 1382 subtraxerit
1016 1327 1107 1410 post
1126 1309 1257 1383 obitum

192 1452 328 1514 mecon,
351 1446 695 1500 excommunicetur.

241 1540 514 1640 Subscriptione
526 1558 645 1617 autem
655 1570 716 1615 sua
729 1555 943 1641 praesentem
957 1541 1118 1615 charmm
1130 1543 1261 1617 confir·

192 1672 382 1730 moverunt
398 1658 570 1756 praefatus
586 1640 810 1731 Guillermlis
826 1659 871 1731 de
889 1659 1050 1732 Bretolio
1073 1675 1109 1731 el
1126 1658 1262 1732 Radal-

192 1775 248 1845 lus
271 1775 490 1874 capellanus,
511 1776 725 1849 Guillelmus
746 1776 885 1876 dapifer
901 1777 995 1849 filius
1016 1777 1196 1849 Barnonis
1211 1778 1260 1876 (4)

193 1908 230 1962 et
245 1891 423 1964 Ernaldus
440 1892 588 1966 Ernaldi
609 1893 703 1966 lilius
719 1897 775 1994 (5)
793 1909 899 1994 alque
917 1892 1124 1968 Rodbertns
1140 1895 1260 1968 delo·

194 2010 301 2117 veriis
318 2011 389 2107 (6).

242 2121 405 2221 Denique
421 2149 518 2196 anno
531 2122 576 2195 ab
591 2124 837 2198 incarnatione
850 2124 996 2198 Domini
1012 2140 1053 2197 n⁰
1068 2142 1132 2196 xc⁰
1149 2135 1202 2196 11⁰
1215 2126 1260 2196 in·

194 2237 354 2311 dictione
375 2251 441 2310 nn*¹
466 2239 675 2339 saepedictus
701 2239 915 2312 Guillelmus
941 2241 1159 2314 dedicationi
1183 2241 1262 2314 Uti-

196 2353 310 2425 censis
328 2353 483 2426 ecclesiae
502 2354 686 2445 interfuit,
704 2372 741 2428 et
757 2372 904 2428 centum
921 2355 1053 2431 solidos
1076 2356 1121 2429 de
1142 2352 1260 2430 reddi-

198 2469 298 2542 tione
327 2495 452 2542 census
482 2472 526 2544 de
558 2468 668 2561 Gloz,
699 2463 845 2545 centum
872 2472 1013 2558 solidis,
1043 2498 1138 2572 quos
1165 2487 1260 2545 antea

199 2587 236 2657 S.
252 2586 408 2660 Ehrulfo
421 2588 578 2674 dederat,
595 2589 738 2686 adjecit3
756 2604 792 2662 et
803 2589 841 2660 in
854 2595 1043 2687 praesentia
1062 2591 1176 2661 trium
1191 2589 1262 2687 epi·

236 2918 275 2987 (1)
294 2918 365 2990 Tige
384 2917 432 2972 des
451 2920 592 2992 seigneurs
610 2919 645 2974 de
664 2920 688 2973 la
706 2920 928 2985 Ferte-Fresueh
948 2937 1017 2973 nous
1034 2918 1262 2974 leretrouverons

202 3003 270 3058 dans
283 3004 307 3059 la
320 3007 392 3061 suite
401 3005 436 3061 de
447 3017 492 3061 cet
505 3025 634 3081 ouvrage.

237 3098 276 3167 (a)
295 3097 389 3169 Voyez
399 3097 546 3164 ci-dessus,
562 3119 588 3172 p.
605 3104 671 3166 400,
685 3109 749 3154 note
763 3116 789 3152 a.

238 3186 277 3260 (5)
296 3190 332 3243 La
346 3189 476 3258 Cunelle,
491 3191 608 3246 hameau
626 3191 661 3246 de
675 3188 985 3246 Boissi-sur-Daniville.
997 3188 1202 3244 L’observation
1216 3204 1263 3260 qne

205 3297 275 3334 nous
287 3299 370 3336 avons
383 3283 449 3338 saite
463 3283 614 3351 cidessus,
630 3303 658 3356 p.
679 3280 745 3356 399,
761 3291 826 3335 note
837 3279 871 3347 6,
890 3298 938 3334 sur
951 3278 1096 3346 Lalanda,
1112 3288 1208 3333 trouve
1220 3293 1264 3331 en·

205 3388 269 3424 core
282 3390 331 3425 son
344 3373 510 3446 application
525 3374 571 3428 ici.

240 3463 278 3534 (4)
297 3463 406 3518 Barnun
425 3463 460 3519 de
480 3463 563 3529 Glos,
584 3461 690 3536 dapifer
711 3460 881 3529 d'Osberne,
903 3459 974 3515 a'ieul
995 3459 1031 3513 de
1056 3458 1218 3515 Guillaume
1236 3455 1264 3508 de

204 3554 341 3622 Breteuil‚
356 3573 459 3628 rengea
478 3573 525 3609 sur
535 3553 696 3610 Guillaume
709 3551 744 3607 de
755 3550 971 3624 Montgommeri
983 3560 1012 3604 et
1024 3548 1064 3604 les
1075 3547 1224 3621 complices
1235 3543 1264 3599 de

205 3656 250 3700 cet
268 3647 384 3700 assassin
397 3644 422 3700 la
441 3656 516 3700 mort
533 3645 568 3699 de
582 3661 632 3699 son
645 3645 753 3699 maltre.
774 3643 867 3715 Voyez
885 3641 1047 3698 Guillaume
1061 3639 1095 3694 de
1113 3639 1263 3712 lomim,

205 3733 224 3790 l.
241 3754 293 3800 vn,
308 3735 359 3789 cha
382 3752 429 3789 .2.

239 3825 279 3895 (5)
296 3754 409 3879 Erniud
422 3824 447 3878 le
460 3826 538 3896 pere,
555 3823 596 3877 fils
608 3824 643 3877 dc
655 3822 801 3896 Popeline‚
818 3821 906 3894 figure
924 3819 992 3872 dans
1009 3817 1035 3871 la
1056 3815 1162 3889 grande
1179 3816 1272 3898 charte

207 3915 241 3966 de
254 3917 324 3969 lire.
339 3916 419 3970 Cetle
430 3914 541 3982 lamine,
554 3912 623 3968 dans
631 3913 749 3988 laquelle
757 3913 782 3967 le
791 3931 857 3967 nom
866 3908 1008 3965 d’Ernaud
1018 3910 1086 3964 etait
1094 3907 1265 3969 liere'dinirn

207 4019 222 4052 a
236 4001 328 4055 donne
341 4021 390 4055 son
403 4020 470 4056 nom
484 4021 519 4056 au
533 4001 593 4056 bois
606 4001 746 4069 Arnauld,
761 4018 910 4055 commune
924 3998 963 4052 du
977 4007 1079 4052 canton
1089 3994 1127 4051 de
1137 3993 1248 4067 liugles.

243 4089 281 4158 (6)
301 4090 512 4146 Probableinent
528 4092 666 4146 Louviers.
682 4089 845 4163 Cependant
864 4088 884 4142 il
901 4106 936 4142 nc
957 4088 1040 4141 serait
1057 4103 1106 4158 pas
1119 4080 1267 4159 impossible

210 4198 264 4250 quc
278 4191 356 4233 notro
369 4192 467 4235 allieni·
478 4183 526 4237 erit
541 4183 623 4238 voiilu
638 4181 728 4255 parler
741 4181 775 4235 de
788 4181 933 4236 Louviircs
947 4179 1010 4251 pres
1020 4178 1179 4249 degenian,
1193 4192 1228 4229 ⁰¹¹
1240 4170 1269 4225 ‘l‘

213 4268 355 4320 nonnanes
371 4287 404 4321 cn
419 4269 520 4324 Bossia.
