2910 4980
250 403 271 460 6
525 398 707 458 HISTORIA
730 396 1032 458 ficctltstasrlca.
1147 399 1309 478 [stt-863]

249 544 319 616 que
345 518 568 605 invaserunt,
598 518 699 588 etin
730 517 970 616 nequitiarum
1003 517 1148 616 laqueos
1180 519 1309 615 praeci-

245 634 424 731 pitantes,
454 649 580 708 contra
609 633 730 704 salutis
757 658 830 704 suae
857 649 1061 720 auctorem,
1086 659 1133 706 ne
1157 633 1309 707 fideliter

246 749 278 822 ei
306 747 517 836 obedirent,
549 763 751 822 erexerunt.
784 750 968 821 Praedictis
997 749 1155 822 cladibus
1188 751 1307 823 omnis

244 861 336 936 ordo
363 863 578 936 clericorum
604 878 640 936 et
663 862 837 936 laicorum
865 864 1090 962 impulsatus,
1113 866 1305 962 apristino

243 979 375 1055 robore
390 981 547 1066 corruit,
568 979 764 1081 mundique
780 980 1034 1055 blandimentis
1049 982 1303 1075 succumbens,

241 1096 374 1169 omisso
390 1093 580 1194 splendore
596 1096 737 1194 pristini
757 1097 886 1197 rigoris
903 1099 1073 1197 elanguit.
1094 1099 1221 1170 Divina
1239 1124 1305 1170 au-

242 1227 314 1284 tem
330 1213 443 1309 pietas
460 1210 689 1310 peccantibus
701 1211 764 1285 diu
779 1215 960 1312 pepercit,
979 1214 1172 1314 multisque
1188 1213 1303 1287 modis

240 1326 284 1400 ad
304 1327 557 1425 poenitentiam
583 1328 759 1401 invitavit.
785 1330 1087 1429 Resipiscentibus
1112 1357 1131 1402 a
1157 1330 1303 1403 malitiae

240 1444 373 1546 laqueis
391 1444 533 1517 veniam
551 1445 745 1518 clementer
766 1447 940 1534 contulit,
962 1448 1022 1520 sed
1040 1449 1302 1545 perseveranti-

238 1559 306 1632 bus
325 1561 361 1631 in
380 1560 549 1660 nequitiis
566 1559 762 1633 iracundiae
778 1587 850 1633 suae
866 1561 1046 1662 flagellum
1064 1563 1200 1634 intulit.

287 1679 466 1777 Tempore
497 1678 615 1751 Caroli
648 1678 740 1778 regis
773 1679 1017 1767 Francorum,
1048 1681 1110 1780 qui
1144 1682 1301 1780 Simplex

237 1797 486 1896 agnominatus
518 1811 590 1881 est,
616 1796 720 1869 Brier
746 1812 988 1896 cognomento
1016 1798 1301 1874 Costea-Ferrea

235 1909 330 1984 filius
344 1908 514 1984 Lotbroci
533 1910 625 2009 regis
640 1911 843 1998 Danorum,
859 1937 943 1984 cum
956 1913 1130 2012 Hastingo
1147 1916 1301 1987 nutritio

237 2053 303 2101 suo
324 2042 360 2100 et
385 2028 523 2127 ingenti
545 2032 718 2126 juvenum
741 2026 991 2114 multitudine,
1014 2027 1058 2100 ad
1078 2029 1300 2128 depopulan-

235 2144 296 2217 das
312 2160 456 2245 gentes,
483 2144 527 2218 de
544 2146 669 2244 vagina
690 2171 750 2216 sua
771 2169 934 2244 egressus
952 2161 1017 2218 est.
1044 2146 1097 2217 Ex
1120 2146 1298 2243 insperato

235 2262 279 2337 de
293 2263 381 2335 mari
401 2264 500 2362 quasi
518 2261 626 2334 turbo
644 2261 832 2335 vehemens
850 2263 889 2334 in
905 2262 1057 2335 Galliam
1075 2262 1222 2334 intravit
1231 2315 1242 2350 ,
1263 2278 1300 2335 et

235 2379 365 2478 oppida
396 2378 574 2478 urbesque
603 2404 684 2450 cum
712 2392 916 2450 sanctorum
946 2375 1124 2450 coenobiis
1153 2394 1299 2474 repente

236 2493 498 2578 concremavit,
521 2506 557 2564 et
575 2518 639 2588 per
661 2491 806 2589 triginta
824 2518 938 2566 annos
954 2518 1060 2589 super
1077 2490 1298 2564 Christianos

236 2636 319 2683 cum
342 2609 412 2680 suis
435 2607 670 2706 complicibus
695 2607 944 2680 insatiabiliter
965 2609 1083 2680 furuit
1104 2609 1298 2706 (r).·'1'unc

237 2727 457 2823 Rotomagus
468 2724 1298 2824 etNoviomum,'1'uronisqueetPictavis,aliae-

237 2868 307 2942 que
320 2842 514 2940 praecipuae
531 2839 636 2914 urbes
650 2840 846 2914 combustae
860 2856 945 2913 sunt
963 2843 1031 2940 (2).
1053 2842 1210 2914 lnermes
1229 2868 1298 2940 po-

239 3168 293 3234 ici,
308 3175 384 3219 stau
398 3162 488 3216 moins
498 3161 608 3236 jusqu’a
621 3162 764 3218 l’iuvasion
778 3162 826 3218 des
838 3163 917 3218 biens
928 3175 957 3218 et
969 3164 1146 3238 desdignites
1156 3165 1297 3222 ecclesias-

239 3257 393 3333 tiqueepar
406 3251 444 3305 les
457 3250 561 3324 la'r'ques
575 3269 638 3306 sous
650 3251 764 3307 Charles
778 3252 886 3308 Martel.

274 3345 284 3415 (
290 3343 314 3417 r)
327 3342 404 3396 Tout
415 3358 446 3394 ce
459 3340 645 3412 paragraplre,
659 3343 807 3413 enrpruntc
819 3360 872 3395 aux
883 3340 1042 3396 derenciers
1050 3340 1199 3397 d‘Orderic
1209 3343 1296 3411 Vital,

241 3436 310 3490 n'est
322 3432 425 3506 qu’une
438 3430 508 3484 serie
520 3428 695 3486 d’assertions
714 3430 814 3485 sausses
828 3430 980 3486 de'menties
994 3449 1043 3504 par
1057 3429 1096 3484 les
1109 3433 1298 3504 temoignages

239 3513 472 3588 contemporains.
486 3511 569 3567 biorn
582 3514 631 3580 I“,
651 3513 692 3568 roi
711 3512 840 3586 d’Upsal,
856 3514 1015 3567 sumomme
1027 3513 1153 3567 Jarnsida
1166 3513 1251 3582 (core
1263 3513 1299 3568 de

240 3606 309 3675 Fer)
322 3602 411 3676 parsit
424 3600 500 3655 avoir
512 3603 579 3655 recu
592 3603 607 3656 ὲ
620 3601 645 3655 la
661 3600 698 3654 lin
715 3600 754 3654 du
768 3613 827 3654 vin·
844 3600 925 3655 siecle
944 3619 981 3655 ou
996 3611 1058 3654 tout
1075 3619 1111 3655 an
1123 3619 1299 3656 commence-

241 3701 318 3747 ment
330 3690 368 3744 du
383 3701 426 3754 rr,
442 3698 471 3743 et
483 3707 519 3743 ne
536 3689 588 3743 mit
597 3690 696 3760 jamais
708 3688 734 3744 le
746 3687 811 3762 pied
823 3707 859 3743 en
871 3689 986 3743 France.
1004 3689 1136 3761 Hasting,
1150 3688 1219 3744 dont
1232 3707 1268 3743 on
1283 3710 1298 3744 a

239 3780 469 3854 singulilrement
491 3781 605 3851 exegere
629 3779 668 3833 les
690 3796 801 3852 ravages
820 3789 848 3834 et
867 3778 906 3832 les
927 3779 1077 3846 invasions,
1105 3778 1176 3833 n'est
1195 3779 1299 3850 siguald

238 3872 323 3926 d'une
342 3869 463 3922 maniere
483 3868 666 3940 authentique
679 3887 734 3941 que
747 3868 814 3923 dans
826 3868 852 3923 le
868 3868 959 3923 bassin
972 3866 1007 3922 de
1024 3867 1049 3922 la
1061 3869 1142 3922 Loire
1153 3877 1183 3921 et
1194 3867 1219 3921 la
1232 3868 1298 3922 Rre-

240 3973 323 4033 tagne
334 3976 369 4010 eu
381 3955 446 4029 867,
462 3953 527 4026 869,
543 3954 608 4019 882,
620 3956 682 4026 puis
692 3954 759 4009 dans
770 3955 840 4011 celui
854 3955 889 4009 de
898 3955 924 4009 la
933 3956 1087 4010 Sommeen
1099 3956 1159 4028 890.

275 4051 316 4120 (a)
331 4049 365 4100 La
378 4044 515 4118 premiere
525 4042 693 4098 devastatiou
707 4045 742 4101 de
756 4046 853 4100 Rouen
864 4044 977 4100 eutlieu
989 4046 1016 4101 le
1032 4052 1063 4114 ¹4
1071 4046 1135 4118 juin
1145 4044 1210 4110 841,
1231 4045 1299 4098 colle

241 4139 275 4192 de
288 4139 380 4191 Tours
402 4151 436 4188 en
455 4129 603 4199 855,ee11e
621 4131 655 4188 de
668 4133 766 4207 Noyou
783 4152 818 4189 en
831 4133 1167 4209 859;quantt1>0itiers,
1187 4139 1299 4208 attaqos?
