2910 4980
265 412 303 471 43
536 405 720 467 ursrorua
741 406 1043 469 ecctmtlsttcl.
1113 414 1322 494 [roso-ross]

265 532 303 603 in
320 530 397 627 ipso
417 523 587 599 coenobio
607 525 831 625 conscripsit.
851 526 882 597 A
899 530 1003 601 sociis
1018 531 1126 603 etiam
1142 532 1235 619 suis,
1254 537 1321 634 qni

262 666 383 717 secum
397 638 441 712 de
456 637 678 712 Gemmetico
691 656 876 733 venerant,
895 642 1072 740 pretiosos
1087 644 1220 720 divinae
1233 646 1321 747 legis

262 756 401 832 codices
415 752 579 827 dulcibus
597 754 744 829 monitis
762 758 891 857 exegit.
910 757 1001 830 Nam
1017 758 1194 833 liudulfus
1207 788 1321 862 nepos

263 879 339 973 ejus
366 872 572 971 Eptaticum
600 872 657 969 (1)
691 871 832 970 scripsit
869 887 907 945 et
934 872 1094 963 Missale,
1122 875 1183 946 ubi
1214 879 1320 950 Missa

265 994 301 1064 in
315 1004 498 1065 conventu
511 984 674 1087 quotidie
690 987 851 1072 canitur;
866 989 973 1089 llugo
986 1005 1105 1063 autem
1117 992 1233 1064 socius
1244 995 1321 1091 ejus

261 1108 522 1209 expositionem
547 1131 654 1203 super
680 1103 902 1178 Ezechielem
924 1123 961 1178 et
983 1107 1218 1207 Decalogum,
1242 1112 1322 1209 pri-

261 1250 428 1325 mamque
443 1239 582 1323 partem
600 1218 814 1305 Moralium
838 1221 1011 1319 hogerius
1031 1248 1118 1295 vero
1130 1222 1323 1324 presbyter

262 1340 578 1439 Paralipomenon,
594 1335 777 1434 librosque
788 1335 1001 1427 Salomonis,
1017 1338 1229 1438 tertiamque
1239 1366 1322 1437 par-

264 1472 336 1530 tem
353 1453 559 1527 Moralium.

309 1569 482 1642 Praeiatus
500 1569 617 1666 itaque
632 1582 734 1667 pater
750 1594 816 1667 per
836 1571 1057 1670 supradictos
1078 1588 1115 1645 et
1129 1596 1195 1671 per
1208 1572 1318 1660 alios,

262 1712 353 1788 quos
366 1682 410 1757 ad
427 1683 497 1756 hoc
512 1710 603 1782 opus
624 1682 767 1757 flectere
784 1701 947 1784 poterat,
969 1688 1208 1787 antiquarios,
1233 1708 1322 1764 octo

261 1800 386 1889 annis,
400 1799 531 1898 quibus
547 1798 776 1871 Uticensibus
795 1799 965 1897 prael'uit,
984 1827 1108 1875 omnes
1122 1802 1234 1877 libros
1246 1806 1322 1879 Ve-

262 1918 348 1992 teris
363 1932 401 1990 et
416 1915 509 1989 Nori
527 1916 766 2003 Testamenti,
791 1942 987 2017 omnesque
1012 1917 1124 1992 libros
1141 1920 1322 1995 facundis-

261 2035 341 2110 simi
358 2060 459 2133 papae
476 2031 640 2131 Gregorii
660 2032 883 2107 Uticensium
899 2034 1129 2109 bibliothecae
1144 2065 1323 2137 procura-

261 2154 327 2225 vit.
345 2154 401 2225 Ex
424 2152 498 2249 ejus
521 2150 628 2222 etiam
645 2148 764 2224 schola
786 2151 996 2225 excellentes
1021 2152 1182 2241 librarii,
1207 2156 1243 2228 id
1266 2173 1321 2230 est

260 2266 495 2367 Berengarius
506 2266 581 2363 (qni
598 2265 830 2363 postmodum
841 2267 885 2337 nd
895 2267 1136 2366 episcopatum
1150 2269 1320 2343 Venusiae

260 2396 451 2481 provectus
465 2381 562 2475 est),
585 2376 795 2452 Goscelinus
809 2394 847 2452 et
868 2378 1044 2452 liedulfus
1056 2433 1066 2469 ,
1093 2382 1316 2473 Bernardus,

262 2492 504 2567 Turchetillns
532 2507 570 2565 et
595 2492 789 2580 Ricardns,
822 2494 954 2594 aliique
983 2499 1103 2595 plures
1135 2524 1320 2597 processe—

260 2626 371 2694 runt;
388 2609 449 2709 qni
474 2606 684 2680 tractatibus
700 2610 913 2711 Hieronymi
935 2628 971 2685 et
997 2613 1206 2711 Augustini,
1228 2614 1320 2688 hm·

260 2724 371 2797 brosii
384 2739 421 2795 et
437 2720 582 2809 lsidori,
602 2722 747 2796 Eusebii
770 2740 805 2797 et
823 2726 961 2814 Orosii,
980 2727 1204 2829 aliorumque
1226 2728 1319 2803 doe-

259 2856 381 2915 torum
404 2836 659 2911 bibliothecam
682 2841 793 2912 sancti
824 2838 966 2914 Ebrulli
992 2844 1247 2941 repleverunt,
1281 2863 1318 2920 et

258 2952 428 3052 exemplis
438 2954 510 3026 suis
523 2952 567 3025 ad
578 2953 693 3028 simile
705 2954 861 3027 studium
876 2972 1076 3029 secuturam
1087 2961 1316 3055 juventutem

258 3066 447 3143 salubriter
472 3067 648 3141 exhortati
674 3087 759 3142 sunt
780 3072 849 3168 (2).
878 3073 950 3143 llos
971 3072 1028 3141 rit·
1044 3072 1189 3145 Domini
1217 3076 1317 3149 Teo-

259 3316 363 3372 recneil
387 3314 423 3369 de
447 3313 582 3387 graduels.
604 3314 784 3388 Quelquel'ois
802 3335 833 3369 ce
854 3300 1003 3371 motatait
1018 3334 1074 3372 une
1091 3320 1233 3391 acceptiora
1254 3321 1318 3393 plus

257 3402 392 3471 etendue‚
403 3414 433 3458 et
443 3402 577 3477 signifiait
590 3420 626 3457 en
638 3403 748 3476 ge'rteral
758 3422 797 3457 un
810 3403 878 3459 livre
890 3408 907 3458 h
918 3405 1033 3459 obanter
1045 3404 1072 3460 la
1084 3424 1186 3474 messe,
1200 3410 1270 3464 mais
1280 3412 1318 3466 ici

258 3496 278 3549 il
298 3505 340 3549 est
357 3492 454 3549 visible
468 3493 553 3566 qu’on
567 3490 629 3545 doit
647 3492 673 3546 le
688 3492 806 3563 prendre
825 3492 893 3547 dans
914 3510 963 3547 son
975 3495 1118 3567 aeoeption
1135 3496 1275 3567 primitive
1288 3512 1316 3552 et

257 3584 445 3637 circonscrite.

292 3674 331 3743 (r)
344 3672 558 3745 L’lleptatiqne,
573 3690 610 3725 ou
622 3671 661 3726 les
673 3682 734 3745 sept
745 3674 879 3745 premiers
891 3673 972 3727 lieres
982 3673 1018 3727 de
1026 3673 1051 3727 la
1061 3672 1147 3729 Bible.

293 3764 331 3832 (a)
344 3760 384 3814 tt.
394 3760 468 3813 Le'on
478 3758 514 3813 de
528 3760 553 3813 la
567 3760 701 3815 Sieotiene
713 3779 730 3815 a
741 3762 806 3816 bien
818 3762 916 3829 roulu,
932 3780 978 3815 sur
997 3773 1076 3817 notre
1087 3762 1238 3829 demande,
1250 3782 1316 3819 exa-

258 3852 348 3905 mincr
360 3850 429 3903 dans
441 3848 467 3901 la
479 3847 672 3923 bibliotheque
691 3850 857 3926 d'Alenqon‚
880 3856 903 3907 si
916 3855 1005 3925 parmi
1018 3853 1057 3908 les
1069 3853 1150 3909 lit'res
1162 3868 1316 3926 prosenant

257 3938 293 3993 <le
304 3928 512 3995 saint-Erronlt
523 3947 552 3990 et
564 3942 657 3991 saure's
671 3958 721 4010 par
736 3942 775 3994 Μ.
789 3942 871 3995 Lotus
882 3940 996 4008 nausis,
1014 3944 1092 4014 apres
1105 3942 1131 3996 la
1142 3942 1315 3999 destruction

256 4030 292 4080 ile
303 4038 375 4081 cette
387 4024 503 4096 abbaye,
520 4024 539 4078 il
552 4025 687 4081 u'existait
698 4048 745 4100 pas
758 4048 858 4083 encore
870 4028 1004 4104 quelques
1021 4050 1073 4086 uns
1086 4032 1135 4086 des
1148 4035 1315 4087 trranuserits

256 4118 323 4171 cites
335 4135 389 4188 -pnr
402 4126 481 4169 notre
501 4104 612 4179 auteur,
628 4126 655 4169 et
670 4119 707 4171 ll.
722 4122 804 4175 louis
818 4120 922 4175 llubois
941 4123 1003 4177 s'est
1020 4126 1122 4178 associi
1136 4123 1282 4177 tui-mnne
1299 4130 1314 4179 ξι
