2910 4980
189 419 298 498 [ran]
561 413 677 475 ursus
697 413 891 490 ouranos.
1196 419 1257 478 ars

189 534 330 634 aliquot
344 548 408 604 aut
423 530 501 604 fora
520 529 654 605 urbana
671 532 817 607 Gallicis
842 528 1022 605 mercibus
1043 549 1080 604 et
1104 557 1258 632 mango-

191 650 300 725 nibus
317 649 450 724 referta
466 650 714 747 conspiceres,
733 667 769 725 et
786 649 921 748 ubique
937 648 1088 748 Anglos,
1102 651 1165 750 qui
1183 653 1260 750 pri-

192 767 275 842 dem
289 767 424 838 amietu
440 765 558 863 patrio
572 767 707 864 compti
727 764 942 839 videbantur
955 765 1099 838 Francis
1117 780 1259 864 turpes,

193 909 293 958 nuno
304 884 497 984 peregrino
510 884 612 955 cultu
628 882 797 957 alteratos
810 883 961 955 videres.
977 882 1095 957 Nemo
1107 882 1261 982 praedari

193 996 363 1086 audebat,
384 997 444 1070 sed
461 997 707 1098 unusquisqne
725 1026 784 1070 sua
799 1025 883 1071 rura
902 1012 982 1070 tuto
997 997 1158 1086 colebat,
1176 1023 1263 1073 suo-

193 1142 265 1216 que
282 1115 443 1213 compari
466 1115 550 1211 (sed
571 1140 646 1188 uon
664 1141 730 1214 per
745 1115 896 1215 longum
915 1115 1078 1212 tempus)
1101 1114 1263 1188 hilariter

193 1230 442 1332 applaudebat.
462 1230 613 1304 Flebant
635 1246 672 1306 et
693 1231 953 1331 reparabuntur
968 1230 1147 1319 basilicae,
1166 1250 1203 1305 et
1225 1234 1262 1305 in

194 1351 244 1423 eis
269 1350 360 1423 sacri
382 1364 543 1425 oratores
566 1347 780 1450 obsequium
796 1348 989 1423 studebant
1003 1350 1080 1424 Deo
1098 1348 1262 1423 debitum

194 1467 411 1566 persolvere.
431 1469 597 1565 Regnans
613 1467 651 1539 in
666 1494 750 1567 rege
765 1467 949 1567 diligentia
967 1465 1054 1541 boni
1072 1465 1261 1566 vigilabat,

194 1601 230 1658 et
245 1609 495 1683 quoscumque
519 1599 663 1681 poterat
679 1584 862 1657 ferventer
885 1583 929 1656 ad
950 1581 1047 1660 bona
1071 1583 1261 1657 excitabat.

194 1699 382 1800 Anglicam
399 1698 622 1772 locutionem
640 1700 854 1800 plerumque
873 1701 1000 1800 sategit
1020 1698 1195 1788 ediscere,
1223 1714 1266 1772 ut

194 1816 270 1891 sine
286 1823 486 1916 interprete
502 1816 683 1916 querelam
698 1816 868 1915 subjectae
887 1818 1003 1916 gentis
1018 1832 1139 1914 posset
1158 1816 1265 1890 intel·

194 1934 323 2033 ligere,
337 1949 374 2006 et
391 1934 476 2006 scita
491 1932 718 2007 rectitudinis
732 1935 928 2034 unicuique
945 1934 1077 2033 (prout
1090 1935 1183 2007 ratio
1196 1933 1268 2005 dic·

194 2049 309 2146 taret)
328 2049 520 2123 affectuose
535 2049 759 2149 depromere.
779 2050 844 2123 Ast
856 2077 875 2123 a
888 2049 1123 2147 perceptione
1140 2046 1267 2146 hujus-

192 2167 291 2240 modi
321 2166 488 2240 lectionis
518 2165 645 2240 durior
675 2179 760 2239 setas
790 2165 894 2239 illum
923 2163 1196 2263 compescebat,
1214 2179 1265 2249 ‚et

196 2280 371 2355 tumultus
387 2281 687 2355 multimodarum
704 2281 984 2380 occupationum
1001 2278 1126 2353 adalia
1144 2306 1267 2355 neces-

194 2400 287 2473 sario
304 2397 518 2472 attrahebat.

240 2517 394 2605 Verum,
404 2518 488 2615 quia
496 2516 644 2590 humani
651 2518 791 2615 generis
800 2514 1199 2613 adversariustanquam
1206 2515 1264 2588 leo

192 2634 338 2734 rugiens
350 2649 483 2706 terram
497 2634 685 2721 circumit,
705 2658 872 2733 quaerens
885 2656 995 2731 quem
1008 2631 1116 2736 dente
1130 2630 1263 2703 crude-

193 2751 303 2824 litatis
314 2776 388 2823 suae
405 2751 651 2823 comminuere
667 2749 796 2848 possit,
817 2749 951 2821 iterum
962 2753 1087 2847 ingens
1101 2745 1263 2821 turbatio

193 2868 318 2966 Anglis
338 2867 458 2939 oritur
477 2881 584 2965 atque
605 2866 847 2952 Normannis,
870 2877 977 2963 atque
996 2862 1040 2935 ad
1058 2863 1262 2938 multorum

194 2983 454 3057 detrimentum
465 2982 526 3054 diu
539 2983 673 3083 perfida
687 2984 788 3056 saevit
800 2983 976 3082 Erinnys.
988 2981 1080 3053 Nam
1090 3009 1152 3054 rex
1162 2981 1262 3055 Guil-

194 3101 321 3176 lelmns
337 3100 488 3172 oonsilio
507 3126 702 3198 pravorum
719 3099 811 3173 male
825 3124 911 3171 usus
918 3152 928 3186 ,
949 3097 1044 3169 laudi
1065 3123 1137 3169 suae
1157 3097 1262 3171 dam-

193 3245 279 3293 num
309 3218 473 3317 ingessit,
499 3216 584 3289 dum
613 3216 861 3290 fraudulenter
890 3215 1069 3314 inclytum
1089 3215 1259 3289 comitem

193 3335 400 3408 Muccurum
415 3334 452 3406 in
466 3333 602 3407 Eliensi
622 3333 736 3408 insula
750 3332 948 3419 conclusit,
965 3330 1105 3430 sibique
1121 3331 1262 3419 confoe·

195 3449 375 3537 demtum,
399 3465 436 3522 et
459 3451 511 3523 nil
536 3450 620 3522 mali
648 3449 914 3523 machinantem
940 3448 997 3520 vel
1021 3449 1261 3547 suspicantem

197 3565 348 3641 obsedit.
367 3566 580 3666 Versipelles
600 3584 721 3640 autem
743 3568 917 3640 intereos
939 3567 1060 3639 nuntii
1079 3563 1262 3640 discurre-

195 3697 302 3772 runt,
321 3697 359 3755 et
378 3680 541 3757 dolosam
558 3683 806 3760 conditionem
830 3683 996 3784 nequiter
1018 3682 1259 3782 pepigerunt:

196 3799 330 3874 scilieet
350 3814 392 3871 ut
411 3827 448 3874 se
465 3826 583 3876 eomes
602 3803 677 3901 regi
701 3797 884 3886 redderet,
910 3824 1064 3897 eumque
1087 3825 1150 3872 rex
1168 3801 1264 3899 paci-

197 3913 259 3988 fice
276 3930 319 3987 ut
336 3914 446 3988 fidum
466 3919 622 3988 amicum
642 3917 848 4014 susciperet.
869 3913 1038 3987 Obsessus
1054 3940 1184 4017 nempe
1200 3917 1262 3989 diu

198 4047 338 4131 poterat
365 4058 437 4105 sese
464 4032 597 4108 ibidem
621 4030 927 4107 inaccessibilitate
954 4031 1024 4106 loci
1054 4031 1265 4125 defendere,

200 4163 257 4220 aut
269 4148 381 4224 nimia
395 4151 429 4222 vi
443 4150 643 4243 accidente,
660 4179 724 4251 per
736 4147 990 4224 circumfluens
1004 4148 1140 4224 llumen
1153 4177 1267 4254 usque
