2926 4980
214 424 276 483 202
490 417 676 480 HISTORIA
697 415 1003 478 ECCLESIASTICA.

215 563 316 639 reges
333 537 519 610 Danorum
535 536 692 638 oskytel
702 553 739 610 et
755 534 934 626 Gudrum,
953 535 1120 609 Hamund
1135 551 1173 611 et
1187 535 1288 611 flatt-

215 657 333 753 dene(
339 657 395 754 1),
418 657 550 756 lnguar
565 669 601 728 et
619 651 750 761 Hubba
772 680 855 727 cum
877 656 1006 731 tmmis
1027 656 1100 727 suis
1117 653 1288 756 Angliam

213 776 443 861 invaserunt,
459 771 622 846 ecclesias
637 770 901 846 monachorum
914 787 951 845 et
965 771 1180 845 clericorum
1198 797 1289 847 con·

214 903 485 975 cremaverunt,
516 885 765 986 populumque
793 886 857 958 Dei
888 900 931 958 ut
957 885 1123 960 bidentes
1151 903 1288 960 macta·

216 1019 380 1079 verunt..
1049 1067 1052 1071 ,

265 1123 350 1194 Post
374 1121 513 1221 al'uguot
532 1145 646 1193 annos
666 1115 1098 1205 Elfredus-Gewissorum
1127 1147 1189 1195 rex
1207 1121 1286 1220 (a),

217 1236 311 1311 lilius
329 1235 510 1309 Edelvulfi
522 1236 638 1336 regis,
663 1236 699 1307 in
722 1260 878 1334 paganos
899 1238 1078 1328 surrexit,
1098 1252 1134 1312 et
1151 1239 1289 1311 virtute

217 1354 282 1427 Dei
311 1353 429 1428 hostes
454 1365 517 1424 aut
542 1353 695 1452 peremit
721 1367 784 1437 aut
806 1352 946 1450 expulit
973 1369 1036 1425 aut
1060 1353 1223 1454 subegit,
1251 1368 1290 1428 et

215 1469 355 1567 primus
385 1469 550 1557 omnium
575 1492 702 1567 regum
734 1466 979 1560 monarchiam
1008 1470 1120 1543 totius
1145 1468 1289 1568 Angtioe

217 1586 313 1658 solus
331 1582 514 1659 0btinuit.-·
526 1582 710 1658 Probitate
724 1600 760 1656 et
776 1583 990 1658 liberalitate
1006 1604 1016 1672 ‚'
1046 1583 1289 1687 laudabilique

218 1700 444 1800 providentia
462 1726 588 1775 omnes
605 1699 745 1801 Angliae
766 1728 864 1802 reges
884 1702 1126 1800 praecedentes
1148 1720 1183 1778 et
1202 1702 1291 1777 sub-

217 1833 404 1919 sequentes
422 1819 487 1917 (ut
506 1819 611 1916 reor)
629 1817 791 1906 excellit,
814 1819 989 1920 annisque
1012 1845 1103 1895 xxrx
1124 1817 1290 1893 laudabi-

217 1938 301 2011 liter
319 1939 356 2010 iu
374 1963 488 2038 regno
504 1938 658 2037 peractis
676 1937 846 2011 Eduardo
862 1940 995 2012 seniori
1014 1938 1091 2012 filio
1109 1965 1175 2012 suo
1187 1964 1290 2039 scep-

193 2071 272 2129 ⁰tra
290 2055 438 2156 reliquit
452 2056 519 2155 (5)
535 2054 724 2128 Pacificato
743 2055 863 2155 itaque
880 2057 980 2156 regni
1001 2072 1113 2144 statu,
1131 2054 1289 2155 religiosi

219 2174 401 2275 principes
423 2190 460 2245 et
481 2173 639 2272 episcopi
659 2169 829 2245 coenobia
850 2174 981 2245 iterum
1005 2188 1198 2273 coeperunt
1215 2197 1291 2246 res·

222 2306 374 2363 taurarc.
395 2289 444 2361 Et
460 2290 547 2390 quia
568 2314 694 2360 omncs
712 2288 880 2361 monachi
905 2288 1017 2361 totius
1039 2286 1206 2362 Albionis
1224 2313 1292 2389 pe-

133 2411 135 2415 ’
218 2410 350 2506 rempti
370 2406 515 2479 fuerant
532 2423 594 2478 aut
612 2405 722 2504 fugati
743 2405 944 2506 supradicta
965 2403 1064 2479 rabie
1077 2405 1289 2506 gentilium,

222 2526 399 2597 miserunt
417 2523 598 2623 egregium
611 2525 783 2619 juvenem
800 2522 990 2597 Osvaldum
1008 2521 1052 2607 ad
1065 2522 1292 2597 Floriacense

223 2641 435 2717 coenobium
445 2640 575 2743 ,quod
592 2642 628 2714 in
647 2641 759 2729 Gallia
778 2640 1011 2715 leodebodus
1025 2640 1292 2715 Aurelianensis

223 2757 429 2832 construxit
454 2780 560 2857 supra
587 2754 744 2856 Ligerim
767 2755 920 2828 llurium
950 2772 1111 2858 tempore
1134 2756 1293 2832 Lodovei

225 2875 290 2949 filii
307 2872 500 2976 Dagoberti
520 2875 614 2975 regis
631 2875 854 2948 Francorum
869 2875 941 2974 (4).
962 2877 1077 2948 Locus
1099 2874 1159 2948 ille
1175 2873 1296 2949 admo

224 2992 311 3065 dum
331 2989 543 3065 venerabilis
566 3009 619 3065 est
640 2989 778 3065 ossibus
796 2994 908 3064 sancti
927 2993 1107 3066 Benedicti
1130 2993 1242 3091 patris
1259 3007 1296 3066 et

225 3109 384 3209 magistri
416 3105 702 3199 monachorum,
738 3133 821 3208 quae
850 3107 1016 3208 Aigulfus
1050 3105 1296 3181 monachusa

226 3224 432 3298 Mummolo
464 3221 592 3297 abbate
623 3223 820 3297 destinatus
844 3224 888 3297 de
922 3225 1172 3298 Beneventano
1204 3247 1295 3323 pro·

263 3483 302 3546 (r)
322 3477 416 3532 lieez:
432 3475 570 3548 Oslrytul‚
585 3476 735 3544 Gotlrrun,
750 3477 881 3546 almund,
896 3478 1173 3552 Hstfdene‚1nguar,
1186 3478 1280 3535 Ubbo.

263 3569 302 3638 (a)
318 3552 589 3634 dllredde-Grand,
607 3565 724 3621 d'abord
745 3568 787 3622 roi
802 3567 883 3625 dedit
896 3564 983 3642 pm
996 3566 1110 3629 otbtre‘e
1129 3587 1185 3643 que
1203 3571 1298 3643 repre-

228 3670 305 3714 sente
326 3658 505 3730 aujourd’hui
525 3656 551 3712 le
563 3658 748 3733 Hampsbire‚
761 3661 825 3735 puis
842 3660 879 3721 de
894 3669 973 3719 touta
982 3656 1170 3735 lldngleter'n
1182 3658 1298 3734 aprdala

229 3761 304 3806 mort
316 3749 352 3805 de
365 3768 414 3804 son
425 3750 498 3804 frere
513 3736 793 3826 Ethelred·1·‘(87'r).
811 3750 814 3757 '
971 3734 977 3743 ¹
1027 3772 1031 3779 ·

264 3839 303 3912 (3)
322 3839 419 3895 Alsred
433 3850 549 3894 mourut
560 3836 762 3895 teatoctobre
772 3838 836 3914 φο.
878 3864 883 3876 ¹
918 3848 942 3860 ·“
1002 3869 1005 3873 -
1060 3858 1063 3863 ·
1131 3870 1135 3875 ·

267 3933 306 4002 (a)
325 3931 361 3984 La
380 3929 524 3985 fondation
541 3929 576 3984 de
592 3947 624 3985 ce
635 3930 796 3986 ⁸monestere
810 3931 899 4003 paralt
915 3932 1034 4005 pouroir
1048 3931 1107 3987 aare
1126 3930 1301 4003 rapportdca

233 4020 340 4074 l'annee
358 4019 420 4086 641,
434 4021 459 4075 la
472 4019 629 4093 quatrieme
642 4018 683 4077 du
701 4020 786 4093 regne
804 4019 840 4074 de
859 4020 1014 4077 Gloria-Il:
1025 4018 1085 4076 atta
1104 4019 1148 4074 lut
1167 4018 1235 4074 luite
1253 4035 1301 4091 par

236 4110 416 4178 lkodebaud,
430 4110 501 4166 abbe
513 4108 548 4164 de
559 4108 764 4185 Salat-dignen
774 4109 933 4167 d’Orle'aas.
947 4113 982 4166 la
996 4109 1159 4167 translation
1172 4106 1223 4164 des
1238 4105 1301 4163 reli·

232 4219 301 4275 ques
315 4201 349 4257 de
364 4205 435 4259 saint
448 4203 545 4257 lienoit
558 4221 576 4274 y
587 4200 701 4258 cutlleu
712 4220 774 4258 vers
782 4199 845 4258 653.
