2910 4980
173 489 280 566 [1050]
545 485 663 546 urnuu
684 487 861 548 cunnus.
1199 495 1235 552 n

174 621 411 705 competunt,
438 605 628 704 vigilanter
654 607 907 681 exercendum.
941 615 1053 683 Porro
1086 626 1238 710 agrestes

175 722 322 810 incolae,
343 719 405 794 ubi
428 737 537 796 tantae
556 725 753 796 sanctitatis
768 724 926 819 studium
945 726 982 796 in
1000 751 1084 799 rure
1101 727 1237 814 sterili,

173 842 333 940 olimque
349 840 411 913 diu
427 840 568 915 deserto
583 840 765 928 viderunt,
780 841 947 914 admirari
966 861 1170 940 coeperunt.
1189 847 1237 916 Et

173 956 256 1031 inde
268 956 414 1056 quidam
430 956 577 1030 salutem
585 1011 597 1044 ,
613 958 781 1031 nonnulli
795 983 883 1031 vero
894 959 1155 1033 detrimentum
1168 959 1236 1032 sibi

172 1087 415 1170 sumpserunt.
436 1071 527 1143 Nam
544 1072 690 1172 quidam
706 1098 836 1145 eorum
854 1075 1164 1147 conversationem
1182 1076 1237 1146 vi-

170 1189 296 1261 dentes
309 1213 369 1261 eos
387 1189 514 1260 imitati
530 1203 633 1276 sunt,
651 1206 687 1262 et
703 1190 763 1261 alii
782 1190 982 1264 invidentes
997 1191 1144 1264 diversis
1159 1218 1236 1266 mo·

172 1304 283 1376 lestiis
300 1305 450 1378 insecuti
469 1320 570 1394 sunt3
592 1306 737 1404 utrique
757 1332 844 1380 vero
859 1304 1018 1379 debitam
1034 1307 1237 1381 mercedem

173 1419 376 1519 aequissimo
383 1420 505 1518 judice
517 1420 594 1492 Deo
607 1418 778 1494 reddente
792 1420 910 1520 adepti
924 1437 1020 1493 sunt.
1036 1421 1184 1495 Nobiles
1199 1441 1236 1496 et

171 1534 370 1607 mediocres
378 1534 576 1633 inspirante
583 1535 659 1608 Deo
668 1535 753 1607 illuc
763 1536 1009 1626 confluebant,
1020 1554 1056 1610 et
1064 1538 1237 1611 orationi·

171 1649 238 1722 bus
251 1675 437 1724 servorum
454 1651 519 1724 Dei
531 1676 604 1726 sese
617 1678 700 1725 cum
712 1653 905 1727 devotione
918 1653 1235 1745 commendabant,

171 1763 409 1865 exhibitisque
427 1763 610 1839 charitatis
625 1767 836 1840 muneribus
850 1769 985 1854 Deum,
1002 1771 1065 1866 qni
1085 1768 1238 1843 famulos

171 1907 254 1954 suos
272 1881 307 1953 in
326 1881 554 1956 infructuoso
572 1884 703 1982 cespite
719 1883 903 1982 pascebat,
923 1881 1198 1957 benedicebant.

220 1999 360 2071 Meritis
380 1999 500 2098 itaque
519 2001 631 2072 sancti
650 2001 761 2099 patris
779 1999 923 2071 Ebrulli
941 2000 1101 2072 Uticensi
1122 2001 1235 2076 eccle-

170 2103 220 2188 sia
244 2132 430 2216 surgente,
452 2133 489 2189 et
511 2144 575 2216 per
596 2114 755 2189 studium
779 2115 1012 2216 laboremque
1030 2116 1235 2192 Geroiano-

169 2260 254 2305 rum
268 2232 312 2305 ad
328 2233 506 2307 honorem
525 2234 587 2306 Dei
607 2233 766 2332 undique
783 2246 983 2319 crescente,
999 2234 1176 2332 Rogerius
1192 2234 1237 2309 de

169 2350 460 2424 lllonte-Gomeri
478 2351 547 2446 (t),
566 2337 768 2421 Oximensis
784 2348 996 2437 vicecomes,
1017 2346 1236 2420 contribuli-

168 2465 236 2539 bus
249 2468 321 2540 suis
337 2468 452 2566 coepit
469 2466 628 2539 invidere
642 2464 740 2565 quod
756 2490 800 2538 eo
817 2465 895 2564 plus
913 2463 1096 2538 ferverent
1115 2465 1153 2537 in
1169 2468 1235 2540 Dei

169 2609 311 2672 amore,
330 2598 367 2656 et
382 2582 535 2656 omniuo
552 2580 716 2654 definivit
738 2582 833 2654 intra
854 2607 890 2654 se
913 2580 1010 2681 quod
1033 2606 1101 2679 pro
1125 2582 1237 2654 salute

169 2700 298 2772 animae
314 2726 387 2772 suae
404 2698 537 2772 faceret
555 2724 646 2798 opus
669 2697 869 2770 consimile.
890 2697 994 2769 Unde
1016 2698 1140 2770 ascivit
1156 2697 1235 2770 Gis·

168 2815 348 2890 lebertum
361 2816 586 2889 Castellionis
600 2814 766 2888 abbatem
780 2816 836 2915 (2)
852 2841 934 2887 cum
950 2814 1134 2887 monachis
1147 2817 1234 2905 suis,

169 2937 233 3033 qui
250 2933 491 3007 monachilem
505 2932 601 3033 apud
618 2933 840 3007 Nuceretum
858 2933 1025 3006 ordinem
1042 2949 1165 3007 tenere
1180 2936 1235 3006 in·

169 3049 384 3124 choaverant
393 3106 407 3143 ‚
425 3050 486 3123 sed
503 3067 643 3123 mutato
661 3052 814 3124 consilio
831 3052 993 3150 Hugonis
1011 3066 1046 3124 et
1066 3050 1234 3127 Rotberti

170 3166 278 3259 (sicut
294 3193 399 3264 supra
415 3165 620 3263 retulimus)
638 3192 763 3239 corum
781 3166 870 3239 velle
892 3167 992 3266 sequi
1019 3165 1232 3252 noluerant,

171 3282 283 3354 immo
309 3307 379 3380 pro
406 3281 658 3355 immutatione
685 3282 968 3356 constructionis
996 3307 1055 3355 eos
1081 3282 1235 3352 levitatis

170 3414 357 3497 arguentes
371 3397 604 3498 reliquerant.
623 3400 721 3492 Quos
738 3399 909 3497 praelatus
925 3398 1100 3496 Rogerins
1117 3423 1234 3470 accer—
1319 3392 1322 3398 Δ

169 3517 248 3605 siit,
272 3517 391 3615 eisque
415 3516 458 3587 ad
483 3515 732 3589 aedificandum
752 3515 932 3587 abbatiam
949 3517 1157 3586 Troarnum
1179 3513 1236 3612 (ὅ)

204 3712 243 3782 (ι)
263 3710 358 3783 Roger
375 3712 404 3765 11
416 3711 451 3766 de
465 3712 698 3787 Moutgommeri‚
719 3712 767 3785 qui
782 3730 832 3783 par
846 3728 896 3764 son
908 3711 1029 3783 mariage
1042 3729 1105 3767 auec
1117 3711 1233 3780 blabile,

170 3799 225 3854 fille
245 3799 281 3855 de
293 3800 454 3856 Guillaume
471 3801 584 3868 Talvas,
606 3802 697 3855 he'rita
719 3800 767 3856 des
790 3801 937 3855 immenses
955 3800 1096 3856 domaines
1109 3801 1145 3856 de
1163 3813 1235 3859 cette

170 3888 379 4048 sailleillediilbert
394 3979 438 4046 l“,
453 3977 524 4033 abbe
536 3978 571 4033 de
583 3978 724 4047 Concltes,
747 3981 815 4034 sorti
833 3979 867 4035 de
886 3978 1008 4050 l'abbaye
1025 3978 1061 4035 de
1073 3981 1192 4054 Fecamp
1206 3993 1235 4036 et

168 4086 220 4142 par
240 4071 409 4142 consequent
430 4068 488 4123 l’un
511 4068 560 4124 des
586 4068 714 4142 disciples
736 4069 774 4124 du
799 4069 991 4125 bienheureux
1014 4070 1174 4125 Guillaume
1200 4070 1234 4124 dc

168 4159 289 4319 Dllillce
300 4249 342 4304 lut
354 4265 390 4304 eu
403 4247 469 4305 1050
478 4267 532 4322 que
541 4249 634 4323 Roget
647 4248 681 4305 de
693 4249 911 4321 llontgommeri
921 4247 1058 4304 substitue
1067 4247 1115 4303 des
1128 4250 1234 4303 moines
