2926 4980
195 351 254 409 372
469 340 650 402 HlSl'Olilll
673 339 976 404 Etctltsllstlcl.

465 527 734 584 EPITAPlllUll
759 527 984 586 ROLLONIS.

335 682 397 737 Dux
408 680 646 744 Normannorum,
660 679 745 732 timor
758 678 847 734 hostin
857 690 888 735 et
898 699 975 736 arma
986 699 1117 751 tuorum,

369 769 451 825 Rollo
462 767 514 823 sub
525 768 580 822 hoc
590 766 672 822 titulo
684 766 824 823 clauditur
833 770 863 823 in
874 770 993 826 tumulo.

334 862 451 933 Majoren
463 859 542 931 cujus
554 856 676 931 probitas
687 861 825 930 provexit,
839 870 871 915 ut
881 861 943 933 ejus

367 947 499 1004 servierit
511 963 562 1000 nec
574 963 653 1014 avus,
663 964 714 1000 nec
725 957 813 1020 pater,
827 957 877 1004 aut
887 967 1014 1022 pronum.

333 1038 485 1093 Ducentem
495 1034 580 1090 fortes
593 1053 697 1108 regem,
714 1035 871 1112 multasque
883 1037 1013 1094 cohorter

367 1125 474 1180 Devioit
483 1123 572 1177 Daciae
583 1122 767 1196 congrediens
779 1124 848 1180 acie.

333 1215 477 1280 Friuoneu
490 1210 634 1279 walcros,
649 1211 846 1281 llnlbaoenoes,
862 1214 1037 1284 numum,

365 1304 424 1358 lion
436 1301 520 1358 simul
529 1301 676 1374 adjunctos
688 1302 771 1358 Rullo
782 1302 862 1359 dedit
872 1305 1015 1378 profugos.

331 1392 395 1466 Egit
407 1390 441 1446 ud
456 1390 509 1445 hoc
518 1390 627 1445 Frenion
638 1390 819 1465 perplurima
831 1391 946 1449 vulnera
957 1395 1056 1464 metor,

366 1481 406 1537 Ut
420 1480 472 1536 sibi
482 1480 610 1551 jurarent
622 1489 706 1555 utque
718 1481 823 1536 uibuta
836 1482 946 1539 darent.

333 1573 443 1643 Bajoean
452 1569 540 1642 oepit,
554 1568 597 1624 his
606 1570 725 1624 Parisios
737 1572 891 1643 superavit3

369 1659 458 1714 Nemo
469 1656 525 1711 luit
536 1657 649 1712 Francis
659 1659 783 1730 asperior
795 1660 899 1714 mnein.

331 1747 419 1803 Annia
431 1745 547 1816 miginta
559 1744 706 1801 Gallorum
718 1746 837 1802 oedibun
849 1766 912 1802 arva

367 1833 509 1908 Implevit,
523 1834 604 1908 pigro
616 1833 687 1890 bella
697 1852 794 1909 gerens
805 1836 915 1892 Carolo.

332 1926 399 1979 Post
411 1922 511 1978 multas
523 1934 640 1998 strages,
652 1925 771 1999 predas,
786 1926 927 1995 inoendia‚
941 1927 1040 1999 caedes,

367 2010 444 2066 Utile
456 2029 520 2066 cnm
532 2011 619 2066 Gallio
631 2011 721 2067 loedus
732 2013 785 2068 init
795 2012 914 2087 cupidis.

334 2102 454 2179 Supplex
466 2102 617 2171 Franooni,
630 2104 734 2158 meruit
746 2102 911 2179 baptismate
923 2107 995 2180 tingi
1006 2131 1014 2174 ;

368 2193 414 2248 Sic
427 2192 512 2266 periit
522 2194 623 2248 veterio
634 2211 716 2249 omne
731 2194 807 2249 neiat
818 2194 951 2251 hominis.

336 2281 376 2336 Ut
385 2281 440 2335 luit
451 2291 516 2336 ante
526 2280 623 2355 lupun,
638 2283 677 2337 ric
687 2293 749 2356 poet
761 2283 793 2339 fit
801 2283 918 2340 mitibus
930 2302 1027 2359 agnus.

369 2368 425 2423 Pax
437 2369 475 2424 ita
487 2379 624 2425 mutatum
638 2370 759 2427 mulceat
770 2381 834 2427 ante
846 2372 950 2427 Deum!

197 2528 407 2630 Exequiales
421 2527 658 2601 nihilominus
671 2529 801 2602 naeuiae
810 2555 917 2628 super
927 2529 1151 2605 mausoleum
1161 2533 1259 2607 Guil-

195 2644 293 2721 lelmi
304 2642 583 2744 Longae-Spatale,
596 2642 695 2744 quod
708 2645 745 2716 in
755 2645 1028 2742 septentrionali
1039 2645 1141 2747 plaga
1150 2648 1258 2721 situm

196 2778 268 2853 est,
286 2758 414 2832 litteris
431 2784 474 2830 ex
489 2783 578 2830 nuro
596 2759 643 2828 ita
661 2774 746 2831 sunt
764 2757 939 2832 enodatae.

339 2965 572 3021 EPITAPHIUM
590 2965 795 3022 GUlLLELlll
813 2965 1109 3025 LONGAE-SPATAE.
1167 2910 1177 2935 Ι

335 3123 412 3192 Quor
423 3117 588 3176 defendebat
599 3119 781 3188 Guillelmuo,
793 3139 874 3176 nemo
887 3123 1045 3194 premebat;

369 3208 480 3267 Auxilio
493 3209 595 3277 caruit,
609 3207 707 3262 indere
723 3227 806 3282 quem
819 3208 916 3264 voluit.

334 3300 458 3374 Regibus
470 3316 501 3353 ac
514 3297 632 3353 ducibus
643 3296 791 3352 metuenda
805 3316 902 3353 manus
913 3298 968 3354 luit
979 3300 1053 3372 ejnu

370 3389 487 3464 Belliger
498 3388 637 3443 Hemious
649 3387 815 3450 caesareum
827 3388 932 3444 timuit.

334 3481 417 3537 Rexit
429 3480 604 3534 Nol-mannos
615 3477 715 3551 viginti
726 3478 850 3552 quinque
863 3496 914 3551 per
926 3496 1025 3546 annon,

369 3568 466 3625 llilitis
477 3577 560 3643 atque
570 3566 649 3622 ducis
656 3577 802 3639 promptus
813 3568 843 3626 in
854 3565 959 3622 officiis.

332 3659 497 3717 Coenobium
509 3657 625 3731 pulchre
637 3657 774 3729 reparavit
784 3655 1023 3725 flammeum,

368 3751 404 3804 Et
413 3748 535 3805 decrevit
546 3747 585 3802 ibi
596 3747 669 3802 ierre
677 3746 779 3820 jugum
792 3747 930 3802 monachi.

335 3838 466 3895 Fervidun
480 3837 577 3892 invicti
589 3835 676 3890 ooluit
688 3853 814 3890 normam
827 3835 983 3901 Benedicti,

369 3927 422 3983 Cui
434 3925 514 3999 petiit
524 3922 620 3990 subdi,
636 3921 735 3996 plenus
747 3940 840 3977 amore
852 3921 913 3976 Dei.

332 4015 446 4072 Distulit
458 4016 511 4069 hoc
523 4012 605 4068 abbas
618 4014 769 4080 Martinuu;
783 4012 844 4067 diva
855 4022 975 4084 potestas

370 4109 439 4162 Saeva
453 4124 502 4178 per
515 4122 590 4158 arma
603 4105 675 4159 mori
688 4104 808 4177 pretulit
820 4120 901 4157 omen
913 4104 950 4157 ei.
