<?xml version="1.0" encoding="UTF-8"?>
<!DOCTYPE html PUBLIC "-//W3C//DTD XHTML 1.0 Transitional//EN"
    "http://www.w3.org/TR/xhtml1/DTD/xhtml1-transitional.dtd">
<html xmlns="http://www.w3.org/1999/xhtml" xml:lang="en" lang="en">
 <head>
  <title>
</title>
<meta http-equiv="Content-Type" content="text/html;charset=utf-8" />
  <meta name='ocr-system' content='tesseract 3.04.00' />
  <meta name='ocr-capabilities' content='ocr_page ocr_carea ocr_par ocr_line ocrx_word'/>
</head>
<body>
  <div class='ocr_page' id='page_1' title='image "./ordericivitalis01deligoog/ordericivitalis01deligoog_0323.png"; bbox 0 0 2910 4980; ppageno 0'>
   <div class='ocr_carea' id='block_1_1' title="bbox 192 416 1266 497">
    <p class='ocr_par' dir='ltr' id='par_1_1' title="bbox 192 416 1266 497">
     <span class='ocr_line' id='line_1_1' title="bbox 192 416 1266 497; baseline -0.003 -15"><span class='ocrx_word' id='word_1_1' title='bbox 192 423 253 482; x_wconf 81' lang='lat' dir='ltr'><em>aro</em></span> <span class='ocrx_word' id='word_1_2' title='bbox 471 417 655 478; x_wconf 80' lang='lat' dir='ltr'><em>ursroun</em></span> <span class='ocrx_word' id='word_1_3' title='bbox 676 416 982 479; x_wconf 79' lang='lat' dir='ltr'><em>ucccrsnsrut.</em></span> <span class='ocrx_word' id='word_1_4' title='bbox 1160 420 1266 497; x_wconf 74' lang='lat' dir='ltr'><em>[rom</em></span> 
     </span>
    </p>
   </div>
   <div class='ocr_carea' id='block_1_2' title="bbox 161 534 1267 3550">
    <p class='ocr_par' dir='ltr' id='par_1_2' title="bbox 161 534 1267 3550">
     <span class='ocr_line' id='line_1_2' title="bbox 191 534 1266 637; baseline 0 -25"><span class='ocrx_word' id='word_1_5' title='bbox 191 541 364 614; x_wconf 83' lang='lat' dir='ltr'><em>Dominae</em></span> <span class='ocrx_word' id='word_1_6' title='bbox 374 553 508 611; x_wconf 80' lang='lat' dir='ltr'><em>nostroe</em></span> <span class='ocrx_word' id='word_1_7' title='bbox 519 538 748 635; x_wconf 76' lang='lat' dir='ltr'><em>constntcit(</em></span> <span class='ocrx_word' id='word_1_8' title='bbox 752 537 805 636; x_wconf 87' lang='lat'><em>1),</em></span> <span class='ocrx_word' id='word_1_9' title='bbox 820 562 888 611; x_wconf 84' lang='lat' dir='ltr'><em>nos</em></span> <span class='ocrx_word' id='word_1_10' title='bbox 898 535 989 610; x_wconf 84' lang='lat' dir='ltr'><em>illuc</em></span> <span class='ocrx_word' id='word_1_11' title='bbox 998 534 1054 609; x_wconf 86' lang='lat' dir='ltr'><em>od</em></span> <span class='ocrx_word' id='word_1_12' title='bbox 1062 536 1136 610; x_wconf 87' lang='lat' dir='ltr'><em>Dei</em></span> <span class='ocrx_word' id='word_1_13' title='bbox 1133 536 1266 637; x_wconf 82' lang='lat' dir='ltr'><em>fomu-</em></span> 
     </span>
     <span class='ocr_line' id='line_1_3' title="bbox 193 653 1264 757; baseline 0 -28"><span class='ocrx_word' id='word_1_14' title='bbox 193 657 310 729; x_wconf 82' lang='lat' dir='ltr'><em>lotum</em></span> <span class='ocrx_word' id='word_1_15' title='bbox 325 657 559 755; x_wconf 76' lang='lat' dir='ltr'><em>aggregavit,</em></span> <span class='ocrx_word' id='word_1_16' title='bbox 577 680 624 727; x_wconf 86' lang='lat' dir='ltr'><em>ac</em></span> <span class='ocrx_word' id='word_1_17' title='bbox 637 670 676 726; x_wconf 86' lang='lat' dir='ltr'><em>ut</em></span> <span class='ocrx_word' id='word_1_18' title='bbox 684 653 909 757; x_wconf 79' lang='lat' dir='ltr'><em>paterfilias</em></span> <span class='ocrx_word' id='word_1_19' title='bbox 925 658 965 728; x_wconf 82' lang='lat' dir='ltr'><em>in</em></span> <span class='ocrx_word' id='word_1_20' title='bbox 976 657 1102 728; x_wconf 73' lang='lat' dir='ltr'><em>titum</em></span> <span class='ocrx_word' id='word_1_21' title='bbox 1112 656 1192 728; x_wconf 79' lang='lat' dir='ltr'><em>Dei</em></span> <span class='ocrx_word' id='word_1_22' title='bbox 1199 680 1264 729; x_wconf 80' lang='lat' dir='ltr'><em>noo</em></span> 
     </span>
     <span class='ocr_line' id='line_1_4' title="bbox 191 770 1264 872; baseline -0.002 -24"><span class='ocrx_word' id='word_1_23' title='bbox 191 774 370 848; x_wconf 74' lang='lat' dir='ltr'><em>odoravit.</em></span> <span class='ocrx_word' id='word_1_24' title='bbox 386 773 433 845; x_wconf 86' lang='lat' dir='ltr'><em>In</em></span> <span class='ocrx_word' id='word_1_25' title='bbox 447 771 602 846; x_wconf 82' lang='lat' dir='ltr'><em>ecelesia</em></span> <span class='ocrx_word' id='word_1_26' title='bbox 615 796 728 872; x_wconf 85' lang='lat' dir='ltr'><em>quom</em></span> <span class='ocrx_word' id='word_1_27' title='bbox 740 771 917 863; x_wconf 77' lang='lat' dir='ltr'><em>condidit,</em></span> <span class='ocrx_word' id='word_1_28' title='bbox 933 771 1052 847; x_wconf 84' lang='lat' dir='ltr'><em>locum</em></span> <span class='ocrx_word' id='word_1_29' title='bbox 1067 770 1264 872; x_wconf 71' lang='lat' dir='ltr'><em>sepulture</em></span> 
     </span>
     <span class='ocr_line' id='line_1_5' title="bbox 191 875 1265 993; baseline -0.002 -28"><span class='ocrx_word' id='word_1_30' title='bbox 191 893 276 983; x_wconf 81' lang='lat' dir='ltr'><em>sibi,</em></span> <span class='ocrx_word' id='word_1_31' title='bbox 286 891 566 981; x_wconf 78' lang='lat' dir='ltr'><em>nremormortis,</em></span> <span class='ocrx_word' id='word_1_32' title='bbox 580 890 701 988; x_wconf 82' lang='lat' dir='ltr'><em>elegit.</em></span> <span class='ocrx_word' id='word_1_33' title='bbox 711 890 869 962; x_wconf 81' lang='lat' dir='ltr'><em>AEtemo</em></span> <span class='ocrx_word' id='word_1_34' title='bbox 878 875 1189 993; x_wconf 75' lang='lat' dir='ltr'><em>mortepuniatitr,</em></span> <span class='ocrx_word' id='word_1_35' title='bbox 1203 895 1265 991; x_wconf 86' lang='lat' dir='ltr'><em>qui</em></span> 
     </span>
     <span class='ocr_line' id='line_1_6' title="bbox 192 1001 1171 1108; baseline -0.004 -28"><span class='ocrx_word' id='word_1_36' title='bbox 192 1032 298 1081; x_wconf 82' lang='lat' dir='ltr'><em>soma</em></span> <span class='ocrx_word' id='word_1_37' title='bbox 308 1008 431 1108; x_wconf 83' lang='lat' dir='ltr'><em>patris</em></span> <span class='ocrx_word' id='word_1_38' title='bbox 448 1007 562 1079; x_wconf 82' lang='lat' dir='ltr'><em>nostri</em></span> <span class='ocrx_word' id='word_1_39' title='bbox 565 1003 724 1102; x_wconf 79' lang='lat' dir='ltr'><em>filiabus</em></span> <span class='ocrx_word' id='word_1_40' title='bbox 740 1008 817 1079; x_wconf 84' lang='lat' dir='ltr'><em>suis</em></span> <span class='ocrx_word' id='word_1_41' title='bbox 834 1001 977 1104; x_wconf 70' lang='lat' dir='ltr'><em>auferere</em></span> <span class='ocrx_word' id='word_1_42' title='bbox 993 1009 1171 1079; x_wconf 83' lang='lat' dir='ltr'><em>conatur!</em></span> 
     </span>
     <span class='ocr_line' id='line_1_7' title="bbox 240 1118 1262 1223; baseline -0.003 -28"><span class='ocrx_word' id='word_1_43' title='bbox 240 1125 480 1223; x_wconf 85' lang='lat' dir='ltr'><em>Rotomagum</em></span> <span class='ocrx_word' id='word_1_44' title='bbox 495 1121 609 1223; x_wconf 86' lang='lat' dir='ltr'><em>igitur</em></span> <span class='ocrx_word' id='word_1_45' title='bbox 620 1122 664 1195; x_wconf 88' lang='lat' dir='ltr'><em>ad</em></span> <span class='ocrx_word' id='word_1_46' title='bbox 679 1122 817 1194; x_wconf 86' lang='lat' dir='ltr'><em>curiam</em></span> <span class='ocrx_word' id='word_1_47' title='bbox 830 1121 922 1221; x_wconf 85' lang='lat' dir='ltr'><em>regis</em></span> <span class='ocrx_word' id='word_1_48' title='bbox 936 1122 1025 1211; x_wconf 90' lang='lat' dir='ltr'><em>itur,</em></span> <span class='ocrx_word' id='word_1_49' title='bbox 1040 1136 1077 1195; x_wconf 90' lang='lat' dir='ltr'><em>et</em></span> <span class='ocrx_word' id='word_1_50' title='bbox 1089 1118 1137 1194; x_wconf 83' lang='lat' dir='ltr'><em>ab</em></span> <span class='ocrx_word' id='word_1_51' title='bbox 1151 1121 1262 1194; x_wconf 71' lang='lat' dir='ltr'><em>utris</em></span> 
     </span>
     <span class='ocr_line' id='line_1_8' title="bbox 191 1238 1263 1341; baseline 0.003 -30"><span class='ocrx_word' id='word_1_52' title='bbox 191 1265 262 1340; x_wconf 89' lang='lat' dir='ltr'><em>que</em></span> <span class='ocrx_word' id='word_1_53' title='bbox 274 1239 437 1339; x_wconf 88' lang='lat' dir='ltr'><em>partibus</em></span> <span class='ocrx_word' id='word_1_54' title='bbox 450 1240 678 1341; x_wconf 88' lang='lat' dir='ltr'><em>querimonia</em></span> <span class='ocrx_word' id='word_1_55' title='bbox 691 1239 939 1339; x_wconf 81' lang='lat' dir='ltr'><em>depromitur3</em></span> <span class='ocrx_word' id='word_1_56' title='bbox 957 1238 1019 1314; x_wconf 84' lang='lat' dir='ltr'><em>sed</em></span> <span class='ocrx_word' id='word_1_57' title='bbox 1031 1238 1161 1340; x_wconf 83' lang='lat' dir='ltr'><em>regalis</em></span> <span class='ocrx_word' id='word_1_58' title='bbox 1176 1263 1263 1314; x_wconf 87' lang='lat' dir='ltr'><em>oen-</em></span> 
     </span>
     <span class='ocr_line' id='line_1_9' title="bbox 193 1355 1263 1458; baseline 0.004 -33"><span class='ocrx_word' id='word_1_59' title='bbox 193 1382 274 1428; x_wconf 88' lang='lat' dir='ltr'><em>sura</em></span> <span class='ocrx_word' id='word_1_60' title='bbox 299 1355 475 1456; x_wconf 81' lang='lat' dir='ltr'><em>fragiliori</em></span> <span class='ocrx_word' id='word_1_61' title='bbox 500 1357 612 1458; x_wconf 84' lang='lat' dir='ltr'><em>magis</em></span> <span class='ocrx_word' id='word_1_62' title='bbox 632 1357 731 1429; x_wconf 85' lang='lat' dir='ltr'><em>sexui</em></span> <span class='ocrx_word' id='word_1_63' title='bbox 755 1356 989 1456; x_wconf 87' lang='lat' dir='ltr'><em>compatitur.</em></span> <span class='ocrx_word' id='word_1_64' title='bbox 1013 1356 1182 1457; x_wconf 87' lang='lat' dir='ltr'><em>Denique</em></span> <span class='ocrx_word' id='word_1_65' title='bbox 1200 1380 1263 1429; x_wconf 84' lang='lat' dir='ltr'><em>rex</em></span> 
     </span>
     <span class='ocr_line' id='line_1_10' title="bbox 191 1471 1265 1573; baseline 0.004 -29"><span class='ocrx_word' id='word_1_66' title='bbox 191 1472 363 1546; x_wconf 86' lang='lat' dir='ltr'><em>accersito</em></span> <span class='ocrx_word' id='word_1_67' title='bbox 379 1471 535 1546; x_wconf 86' lang='lat' dir='ltr'><em>Johanni</em></span> <span class='ocrx_word' id='word_1_68' title='bbox 555 1472 824 1573; x_wconf 80' lang='lat' dir='ltr'><em>archiepiscopo</em></span> <span class='ocrx_word' id='word_1_69' title='bbox 842 1473 1071 1547; x_wconf 88' lang='lat' dir='ltr'><em>commendat</em></span> <span class='ocrx_word' id='word_1_70' title='bbox 1088 1487 1131 1545; x_wconf 91' lang='lat' dir='ltr'><em>ut</em></span> <span class='ocrx_word' id='word_1_71' title='bbox 1148 1474 1265 1548; x_wconf 80' lang='lat' dir='ltr'><em>Luxo-</em></span> 
     </span>
     <span class='ocr_line' id='line_1_11' title="bbox 193 1580 1265 1690; baseline 0.001 -30"><span class='ocrx_word' id='word_1_72' title='bbox 193 1592 294 1662; x_wconf 89' lang='lat' dir='ltr'><em>vium</em></span> <span class='ocrx_word' id='word_1_73' title='bbox 308 1580 553 1680; x_wconf 80' lang='lat' dir='ltr'><em>celeriter‘eat,</em></span> <span class='ocrx_word' id='word_1_74' title='bbox 570 1607 606 1664; x_wconf 89' lang='lat' dir='ltr'><em>et</em></span> <span class='ocrx_word' id='word_1_75' title='bbox 619 1590 776 1690; x_wconf 84' lang='lat' dir='ltr'><em>episcopi</em></span> <span class='ocrx_word' id='word_1_76' title='bbox 790 1615 921 1688; x_wconf 88' lang='lat' dir='ltr'><em>corpus</em></span> <span class='ocrx_word' id='word_1_77' title='bbox 935 1594 973 1662; x_wconf 91' lang='lat' dir='ltr'><em>in</em></span> <span class='ocrx_word' id='word_1_78' title='bbox 989 1589 1154 1667; x_wconf 88' lang='lat' dir='ltr'><em>oraturio</em></span> <span class='ocrx_word' id='word_1_79' title='bbox 1166 1614 1265 1661; x_wconf 88' lang='lat' dir='ltr'><em>sano-</em></span> 
     </span>
     <span class='ocr_line' id='line_1_12' title="bbox 193 1703 1264 1806; baseline 0 -30"><span class='ocrx_word' id='word_1_80' title='bbox 193 1723 242 1778; x_wconf 85' lang='lat' dir='ltr'><em>tae</em></span> <span class='ocrx_word' id='word_1_81' title='bbox 256 1706 380 1779; x_wconf 73' lang='lat' dir='ltr'><em>Mariae</em></span> <span class='ocrx_word' id='word_1_82' title='bbox 393 1707 448 1804; x_wconf 75' lang='lat' dir='ltr'><em>(a)</em></span> <span class='ocrx_word' id='word_1_83' title='bbox 464 1703 634 1780; x_wconf 90' lang='lat' dir='ltr'><em>decenter</em></span> <span class='ocrx_word' id='word_1_84' title='bbox 651 1706 810 1806; x_wconf 84' lang='lat' dir='ltr'><em>sepeliat.</em></span> <span class='ocrx_word' id='word_1_85' title='bbox 833 1709 884 1778; x_wconf 80' lang='lat' dir='ltr'><em>At</em></span> <span class='ocrx_word' id='word_1_86' title='bbox 906 1705 965 1779; x_wconf 94' lang='lat' dir='ltr'><em>ille</em></span> <span class='ocrx_word' id='word_1_87' title='bbox 975 1759 986 1795; x_wconf 92' lang='lat'>‚</span> <span class='ocrx_word' id='word_1_88' title='bbox 1005 1706 1089 1806; x_wconf 89' lang='lat' dir='ltr'><em>quia</em></span> <span class='ocrx_word' id='word_1_89' title='bbox 1105 1703 1212 1780; x_wconf 84' lang='lat' dir='ltr'><em>ferox</em></span> <span class='ocrx_word' id='word_1_90' title='bbox 1228 1719 1264 1778; x_wconf 88' lang='lat' dir='ltr'><em>et</em></span> 
     </span>
     <span class='ocr_line' id='line_1_13' title="bbox 194 1820 1263 1923; baseline -0.003 -29"><span class='ocrx_word' id='word_1_91' title='bbox 194 1822 359 1923; x_wconf 82' lang='lat' dir='ltr'><em>turgidus</em></span> <span class='ocrx_word' id='word_1_92' title='bbox 372 1839 448 1896; x_wconf 88' lang='lat' dir='ltr'><em>erat</em></span> <span class='ocrx_word' id='word_1_93' title='bbox 457 1876 467 1912; x_wconf 90' lang='lat'>‚</span> <span class='ocrx_word' id='word_1_94' title='bbox 485 1840 522 1897; x_wconf 92' lang='lat' dir='ltr'><em>et</em></span> <span class='ocrx_word' id='word_1_95' title='bbox 535 1824 688 1896; x_wconf 84' lang='lat' dir='ltr'><em>noxium</em></span> <span class='ocrx_word' id='word_1_96' title='bbox 705 1848 897 1896; x_wconf 83' lang='lat' dir='ltr'><em>rancorem</em></span> <span class='ocrx_word' id='word_1_97' title='bbox 910 1820 1122 1920; x_wconf 82' lang='lat' dir='ltr'><em>jamdudum</em></span> <span class='ocrx_word' id='word_1_98' title='bbox 1136 1835 1263 1894; x_wconf 89' lang='lat' dir='ltr'><em>contra</em></span> 
     </span>
     <span class='ocr_line' id='line_1_14' title="bbox 192 1939 1263 2042; baseline -0.003 -30"><span class='ocrx_word' id='word_1_99' title='bbox 192 1939 384 2041; x_wconf 81' lang='lat' dir='ltr'><em>praelatum</em></span> <span class='ocrx_word' id='word_1_100' title='bbox 401 1941 593 2042; x_wconf 84' lang='lat' dir='ltr'><em>praesulem</em></span> <span class='ocrx_word' id='word_1_101' title='bbox 605 1942 729 2016; x_wconf 89' lang='lat' dir='ltr'><em>animo</em></span> <span class='ocrx_word' id='word_1_102' title='bbox 742 1955 913 2040; x_wconf 76' lang='lat' dir='ltr'><em>gesserat,</em></span> <span class='ocrx_word' id='word_1_103' title='bbox 930 1940 1022 2040; x_wconf 85' lang='lat' dir='ltr'><em>regis</em></span> <span class='ocrx_word' id='word_1_104' title='bbox 1039 1952 1263 2038; x_wconf 77' lang='lat' dir='ltr'><em>preceptum</em></span> 
     </span>
     <span class='ocr_line' id='line_1_15' title="bbox 194 2054 1264 2157; baseline -0.001 -29"><span class='ocrx_word' id='word_1_105' title='bbox 194 2054 412 2131; x_wconf 81' lang='lat' dir='ltr'><em>furibundus</em></span> <span class='ocrx_word' id='word_1_106' title='bbox 441 2058 680 2157; x_wconf 83' lang='lat' dir='ltr'><em>contempsit,</em></span> <span class='ocrx_word' id='word_1_107' title='bbox 706 2082 772 2130; x_wconf 92' lang='lat' dir='ltr'><em>nec</em></span> <span class='ocrx_word' id='word_1_108' title='bbox 796 2056 840 2129; x_wconf 88' lang='lat' dir='ltr'><em>ad</em></span> <span class='ocrx_word' id='word_1_109' title='bbox 864 2055 1116 2128; x_wconf 89' lang='lat' dir='ltr'><em>tumulandum</em></span> <span class='ocrx_word' id='word_1_110' title='bbox 1141 2055 1264 2153; x_wconf 89' lang='lat' dir='ltr'><em>coepi-</em></span> 
     </span>
     <span class='ocr_line' id='line_1_16' title="bbox 161 2166 1267 2267; baseline 0.001 -29"><span class='ocrx_word' id='word_1_111' title='bbox 161 2241 164 2254; x_wconf 58' lang='lat'><em>,</em></span> <span class='ocrx_word' id='word_1_112' title='bbox 192 2192 342 2265; x_wconf 89' lang='lat' dir='ltr'><em>scopum</em></span> <span class='ocrx_word' id='word_1_113' title='bbox 362 2195 466 2241; x_wconf 91' lang='lat' dir='ltr'><em>suum</em></span> <span class='ocrx_word' id='word_1_114' title='bbox 486 2169 539 2241; x_wconf 89' lang='lat' dir='ltr'><em>ire</em></span> <span class='ocrx_word' id='word_1_115' title='bbox 555 2169 683 2242; x_wconf 85' lang='lat' dir='ltr'><em>voluit.</em></span> <span class='ocrx_word' id='word_1_116' title='bbox 704 2168 775 2261; x_wconf 90' lang='lat' dir='ltr'><em>Qui</em></span> <span class='ocrx_word' id='word_1_117' title='bbox 792 2167 879 2240; x_wconf 90' lang='lat' dir='ltr'><em>dum</em></span> <span class='ocrx_word' id='word_1_118' title='bbox 899 2166 943 2240; x_wconf 89' lang='lat' dir='ltr'><em>de</em></span> <span class='ocrx_word' id='word_1_119' title='bbox 965 2167 1064 2239; x_wconf 89' lang='lat' dir='ltr'><em>curia</em></span> <span class='ocrx_word' id='word_1_120' title='bbox 1085 2167 1180 2267; x_wconf 84' lang='lat' dir='ltr'><em>regis</em></span> <span class='ocrx_word' id='word_1_121' title='bbox 1202 2191 1267 2266; x_wconf 84' lang='lat' dir='ltr'><em>per</em></span> 
     </span>
     <span class='ocr_line' id='line_1_17' title="bbox 193 2281 1265 2384; baseline 0 -30"><span class='ocrx_word' id='word_1_122' title='bbox 193 2281 323 2358; x_wconf 87' lang='lat' dir='ltr'><em>urbem</em></span> <span class='ocrx_word' id='word_1_123' title='bbox 334 2310 441 2382; x_wconf 91' lang='lat' dir='ltr'><em>super</em></span> <span class='ocrx_word' id='word_1_124' title='bbox 454 2283 589 2356; x_wconf 88' lang='lat' dir='ltr'><em>mulam</em></span> <span class='ocrx_word' id='word_1_125' title='bbox 603 2311 702 2356; x_wconf 82' lang='lat' dir='ltr'><em>suam</em></span> <span class='ocrx_word' id='word_1_126' title='bbox 719 2284 873 2371; x_wconf 85' lang='lat' dir='ltr'><em>rediret,</em></span> <span class='ocrx_word' id='word_1_127' title='bbox 889 2281 1098 2382; x_wconf 87' lang='lat' dir='ltr'><em>tumideque</em></span> <span class='ocrx_word' id='word_1_128' title='bbox 1113 2283 1265 2384; x_wconf 88' lang='lat' dir='ltr'><em>loquens</em></span> 
     </span>
     <span class='ocr_line' id='line_1_18' title="bbox 192 2400 1263 2501; baseline 0 -28"><span class='ocrx_word' id='word_1_129' title='bbox 192 2400 237 2474; x_wconf 89' lang='lat' dir='ltr'><em>de</em></span> <span class='ocrx_word' id='word_1_130' title='bbox 260 2401 371 2473; x_wconf 87' lang='lat' dir='ltr'><em>causis</em></span> <span class='ocrx_word' id='word_1_131' title='bbox 392 2401 685 2487; x_wconf 80' lang='lat' dir='ltr'><em>imminentibus,</em></span> <span class='ocrx_word' id='word_1_132' title='bbox 704 2401 827 2474; x_wconf 89' lang='lat' dir='ltr'><em>domui</em></span> <span class='ocrx_word' id='word_1_133' title='bbox 845 2426 918 2474; x_wconf 77' lang='lat' dir='ltr'><em>sure</em></span> <span class='ocrx_word' id='word_1_134' title='bbox 935 2400 1263 2501; x_wconf 86' lang='lat' dir='ltr'><em>appropinquaret,</em></span> 
     </span>
     <span class='ocr_line' id='line_1_19' title="bbox 194 2515 1266 2617; baseline 0 -27"><span class='ocrx_word' id='word_1_135' title='bbox 194 2517 318 2591; x_wconf 84' lang='lat' dir='ltr'><em>divino</em></span> <span class='ocrx_word' id='word_1_136' title='bbox 334 2533 426 2590; x_wconf 90' lang='lat' dir='ltr'><em>nutu</em></span> <span class='ocrx_word' id='word_1_137' title='bbox 440 2516 556 2590; x_wconf 86' lang='lat' dir='ltr'><em>subita</em></span> <span class='ocrx_word' id='word_1_138' title='bbox 571 2519 687 2616; x_wconf 88' lang='lat' dir='ltr'><em>passio</em></span> <span class='ocrx_word' id='word_1_139' title='bbox 702 2519 804 2590; x_wconf 90' lang='lat' dir='ltr'><em>illum</em></span> <span class='ocrx_word' id='word_1_140' title='bbox 817 2519 1012 2617; x_wconf 87' lang='lat' dir='ltr'><em>percussit,</em></span> <span class='ocrx_word' id='word_1_141' title='bbox 1029 2515 1136 2590; x_wconf 93' lang='lat' dir='ltr'><em>turba</em></span> <span class='ocrx_word' id='word_1_142' title='bbox 1149 2518 1266 2617; x_wconf 87' lang='lat' dir='ltr'><em>palam</em></span> 
     </span>
     <span class='ocr_line' id='line_1_20' title="bbox 196 2634 1266 2736; baseline 0.004 -30"><span class='ocrx_word' id='word_1_143' title='bbox 196 2650 377 2735; x_wconf 83' lang='lat' dir='ltr'><em>spectante</em></span> <span class='ocrx_word' id='word_1_144' title='bbox 394 2634 438 2707; x_wconf 89' lang='lat' dir='ltr'><em>ad</em></span> <span class='ocrx_word' id='word_1_145' title='bbox 456 2651 589 2709; x_wconf 89' lang='lat' dir='ltr'><em>terram</em></span> <span class='ocrx_word' id='word_1_146' title='bbox 605 2634 753 2735; x_wconf 88' lang='lat' dir='ltr'><em>dejecit,</em></span> <span class='ocrx_word' id='word_1_147' title='bbox 771 2635 994 2736; x_wconf 87' lang='lat' dir='ltr'><em>biennioque</em></span> <span class='ocrx_word' id='word_1_148' title='bbox 1010 2661 1086 2736; x_wconf 92' lang='lat' dir='ltr'><em>quo</em></span> <span class='ocrx_word' id='word_1_149' title='bbox 1101 2652 1266 2735; x_wconf 91' lang='lat' dir='ltr'><em>postmo-</em></span> 
     </span>
     <span class='ocr_line' id='line_1_21' title="bbox 194 2748 1265 2850; baseline 0.003 -30"><span class='ocrx_word' id='word_1_150' title='bbox 194 2750 281 2820; x_wconf 91' lang='lat' dir='ltr'><em>dum</em></span> <span class='ocrx_word' id='word_1_151' title='bbox 292 2748 396 2837; x_wconf 83' lang='lat' dir='ltr'><em>vixit,</em></span> <span class='ocrx_word' id='word_1_152' title='bbox 410 2749 592 2850; x_wconf 84' lang='lat' dir='ltr'><em>elinguem</em></span> <span class='ocrx_word' id='word_1_153' title='bbox 604 2749 772 2824; x_wconf 87' lang='lat' dir='ltr'><em>reddidit.</em></span> <span class='ocrx_word' id='word_1_154' title='bbox 785 2753 891 2824; x_wconf 85' lang='lat' dir='ltr'><em>Tunc</em></span> <span class='ocrx_word' id='word_1_155' title='bbox 901 2750 1123 2825; x_wconf 91' lang='lat' dir='ltr'><em>Gislebertus</em></span> <span class='ocrx_word' id='word_1_156' title='bbox 1136 2748 1265 2824; x_wconf 86' lang='lat' dir='ltr'><em>Ebroi·</em></span> 
     </span>
     <span class='ocr_line' id='line_1_22' title="bbox 194 2865 1264 2967; baseline 0.006 -31"><span class='ocrx_word' id='word_1_157' title='bbox 194 2865 308 2937; x_wconf 90' lang='lat' dir='ltr'><em>censis</em></span> <span class='ocrx_word' id='word_1_158' title='bbox 319 2866 505 2964; x_wconf 91' lang='lat' dir='ltr'><em>episcopus</em></span> <span class='ocrx_word' id='word_1_159' title='bbox 516 2892 599 2938; x_wconf 92' lang='lat' dir='ltr'><em>cum</em></span> <span class='ocrx_word' id='word_1_160' title='bbox 610 2867 728 2940; x_wconf 93' lang='lat' dir='ltr'><em>multo</em></span> <span class='ocrx_word' id='word_1_161' title='bbox 738 2867 899 2941; x_wconf 89' lang='lat' dir='ltr'><em>fidelium</em></span> <span class='ocrx_word' id='word_1_162' title='bbox 908 2869 1051 2967; x_wconf 86' lang='lat' dir='ltr'><em>agmine</em></span> <span class='ocrx_word' id='word_1_163' title='bbox 1061 2868 1264 2943; x_wconf 81' lang='lat' dir='ltr'><em>Luxovium</em></span> 
     </span>
     <span class='ocr_line' id='line_1_23' title="bbox 193 2977 1264 3082; baseline 0.006 -33"><span class='ocrx_word' id='word_1_164' title='bbox 193 2977 312 3066; x_wconf 86' lang='lat' dir='ltr'><em>vadit,</em></span> <span class='ocrx_word' id='word_1_165' title='bbox 341 2995 377 3053; x_wconf 91' lang='lat' dir='ltr'><em>et</em></span> <span class='ocrx_word' id='word_1_166' title='bbox 401 3007 532 3080; x_wconf 91' lang='lat' dir='ltr'><em>corpus</em></span> <span class='ocrx_word' id='word_1_167' title='bbox 555 2983 733 3082; x_wconf 84' lang='lat' dir='ltr'><em>episcopi,</em></span> <span class='ocrx_word' id='word_1_168' title='bbox 757 2998 895 3059; x_wconf 88' lang='lat' dir='ltr'><em>astante</em></span> <span class='ocrx_word' id='word_1_169' title='bbox 919 2981 1082 3058; x_wconf 86' lang='lat' dir='ltr'><em>Roherto</em></span> <span class='ocrx_word' id='word_1_170' title='bbox 1108 2980 1264 3058; x_wconf 85' lang='lat' dir='ltr'><em>Aucensi</em></span> 
     </span>
     <span class='ocr_line' id='line_1_24' title="bbox 193 3097 1264 3198; baseline 0.007 -30"><span class='ocrx_word' id='word_1_171' title='bbox 193 3097 345 3185; x_wconf 89' lang='lat' dir='ltr'><em>comite,</em></span> <span class='ocrx_word' id='word_1_172' title='bbox 364 3097 427 3197; x_wconf 90' lang='lat' dir='ltr'><em>qui</em></span> <span class='ocrx_word' id='word_1_173' title='bbox 450 3125 644 3198; x_wconf 80' lang='lat' dir='ltr'><em>germanus</em></span> <span class='ocrx_word' id='word_1_174' title='bbox 663 3102 737 3198; x_wconf 87' lang='lat' dir='ltr'><em>ejus</em></span> <span class='ocrx_word' id='word_1_175' title='bbox 755 3117 851 3192; x_wconf 86' lang='lat' dir='ltr'><em>erat,</em></span> <span class='ocrx_word' id='word_1_176' title='bbox 875 3103 912 3174; x_wconf 92' lang='lat' dir='ltr'><em>in</em></span> <span class='ocrx_word' id='word_1_177' title='bbox 936 3100 1049 3176; x_wconf 89' lang='lat' dir='ltr'><em>choro</em></span> <span class='ocrx_word' id='word_1_178' title='bbox 1069 3102 1264 3176; x_wconf 90' lang='lat' dir='ltr'><em>sanctimo-</em></span> 
     </span>
     <span class='ocr_line' id='line_1_25' title="bbox 191 3212 1263 3318; baseline 0.006 -33"><span class='ocrx_word' id='word_1_179' title='bbox 191 3212 343 3287; x_wconf 88' lang='lat' dir='ltr'><em>nialium</em></span> <span class='ocrx_word' id='word_1_180' title='bbox 359 3217 619 3290; x_wconf 86' lang='lat' dir='ltr'><em>convenienter</em></span> <span class='ocrx_word' id='word_1_181' title='bbox 636 3217 812 3316; x_wconf 87' lang='lat' dir='ltr'><em>sepelivit.</em></span> <span class='ocrx_word' id='word_1_182' title='bbox 829 3218 1011 3292; x_wconf 86' lang='lat' dir='ltr'><em>Mausoleo</em></span> <span class='ocrx_word' id='word_1_183' title='bbox 1027 3217 1118 3291; x_wconf 89' lang='lat' dir='ltr'><em>tanti</em></span> <span class='ocrx_word' id='word_1_184' title='bbox 1138 3216 1263 3318; x_wconf 89' lang='lat' dir='ltr'><em>ponti-</em></span> 
     </span>
     <span class='ocr_line' id='line_1_26' title="bbox 194 3327 1262 3433; baseline 0.006 -33"><span class='ocrx_word' id='word_1_185' title='bbox 194 3327 270 3400; x_wconf 87' lang='lat' dir='ltr'><em>licis</em></span> <span class='ocrx_word' id='word_1_186' title='bbox 309 3355 490 3431; x_wconf 82' lang='lat' dir='ltr'><em>congruus</em></span> <span class='ocrx_word' id='word_1_187' title='bbox 524 3332 613 3429; x_wconf 90' lang='lat' dir='ltr'><em>lapis</em></span> <span class='ocrx_word' id='word_1_188' title='bbox 642 3331 826 3432; x_wconf 85' lang='lat' dir='ltr'><em>appositus</em></span> <span class='ocrx_word' id='word_1_189' title='bbox 861 3346 936 3420; x_wconf 90' lang='lat' dir='ltr'><em>est,</em></span> <span class='ocrx_word' id='word_1_190' title='bbox 970 3348 1007 3406; x_wconf 91' lang='lat' dir='ltr'><em>et</em></span> <span class='ocrx_word' id='word_1_191' title='bbox 1040 3331 1262 3433; x_wconf 87' lang='lat' dir='ltr'><em>epitaphium</em></span> 
     </span>
     <span class='ocr_line' id='line_1_27' title="bbox 193 3442 1261 3550; baseline 0.008 -36"><span class='ocrx_word' id='word_1_192' title='bbox 193 3442 359 3520; x_wconf 88' lang='lat' dir='ltr'><em>Adonico</em></span> <span class='ocrx_word' id='word_1_193' title='bbox 380 3461 521 3534; x_wconf 89' lang='lat' dir='ltr'><em>metro,</em></span> <span class='ocrx_word' id='word_1_194' title='bbox 544 3447 643 3549; x_wconf 90' lang='lat' dir='ltr'><em>quod</em></span> <span class='ocrx_word' id='word_1_195' title='bbox 668 3445 814 3548; x_wconf 90' lang='lat' dir='ltr'><em>dactylo</em></span> <span class='ocrx_word' id='word_1_196' title='bbox 837 3449 1081 3550; x_wconf 87' lang='lat' dir='ltr'><em>spondaeoque</em></span> <span class='ocrx_word' id='word_1_197' title='bbox 1102 3467 1261 3538; x_wconf 87' lang='lat' dir='ltr'><em>constat,</em></span> 
     </span>
    </p>
   </div>
   <div class='ocr_carea' id='block_1_3' title="bbox 192 3735 1258 4257">
    <p class='ocr_par' dir='ltr' id='par_1_3' title="bbox 192 3735 1258 4165">
     <span class='ocr_line' id='line_1_28' title="bbox 227 3735 1258 3814; baseline -0.002 -22"><span class='ocrx_word' id='word_1_198' title='bbox 227 3741 267 3809; x_wconf 75' lang='grc' dir='ltr'><em>(ι)</em></span> <span class='ocrx_word' id='word_1_199' title='bbox 286 3740 334 3793; x_wconf 81' lang='lat' dir='ltr'><em>les</em></span> <span class='ocrx_word' id='word_1_200' title='bbox 357 3738 517 3811; x_wconf 83' lang='lat' dir='ltr'><em>religieuses</em></span> <span class='ocrx_word' id='word_1_201' title='bbox 538 3757 593 3814; x_wconf 92' lang='lat' dir='ltr'><em>que</em></span> <span class='ocrx_word' id='word_1_202' title='bbox 613 3739 752 3794; x_wconf 84' lang='lat' dir='ltr'><em>Lesceline</em></span> <span class='ocrx_word' id='word_1_203' title='bbox 771 3739 843 3794; x_wconf 85' lang='lat' dir='ltr'><em>avait</em></span> <span class='ocrx_word' id='word_1_204' title='bbox 862 3737 977 3792; x_wconf 82' lang='lat' dir='ltr'><em>d’abord</em></span> <span class='ocrx_word' id='word_1_205' title='bbox 996 3735 1110 3791; x_wconf 79' lang='lat' dir='ltr'><em>etablies</em></span> <span class='ocrx_word' id='word_1_206' title='bbox 1132 3739 1148 3790; x_wconf 76' lang='lat' dir='ltr'><em>a</em></span> <span class='ocrx_word' id='word_1_207' title='bbox 1169 3736 1258 3792; x_wconf 80' lang='lat' dir='ltr'><em>Saint-</em></span> 
     </span>
     <span class='ocr_line' id='line_1_29' title="bbox 192 3824 1257 3902; baseline 0.001 -23"><span class='ocrx_word' id='word_1_208' title='bbox 192 3826 437 3881; x_wconf 86' lang='lat' dir='ltr'><em>Pierre·sur·Dive</em></span> <span class='ocrx_word' id='word_1_209' title='bbox 449 3837 531 3898; x_wconf 84' lang='lat' dir='ltr'><em>ayant</em></span> <span class='ocrx_word' id='word_1_210' title='bbox 543 3830 587 3883; x_wconf 75' lang='lat' dir='ltr'><em>tte</em></span> <span class='ocrx_word' id='word_1_211' title='bbox 600 3828 767 3902; x_wconf 79' lang='lat' dir='ltr'><em>resnplacees</em></span> <span class='ocrx_word' id='word_1_212' title='bbox 777 3847 827 3901; x_wconf 90' lang='lat' dir='ltr'><em>par</em></span> <span class='ocrx_word' id='word_1_213' title='bbox 841 3828 889 3882; x_wconf 85' lang='lat' dir='ltr'><em>des</em></span> <span class='ocrx_word' id='word_1_214' title='bbox 901 3828 1022 3894; x_wconf 86' lang='lat' dir='ltr'><em>moines,</em></span> <span class='ocrx_word' id='word_1_215' title='bbox 1033 3826 1129 3881; x_wconf 85' lang='lat' dir='ltr'><em>iurent</em></span> <span class='ocrx_word' id='word_1_216' title='bbox 1141 3824 1257 3888; x_wconf 71' lang='lat' dir='ltr'><em>musle-</em></span> 
     </span>
     <span class='ocr_line' id='line_1_30' title="bbox 192 3912 1256 3987; baseline 0.003 -22"><span class='ocrx_word' id='word_1_217' title='bbox 192 3915 252 3966; x_wconf 80' lang='lat' dir='ltr'><em>rees</em></span> <span class='ocrx_word' id='word_1_218' title='bbox 266 3916 281 3967; x_wconf 73' lang='lat' dir='ltr'><em>a</em></span> <span class='ocrx_word' id='word_1_219' title='bbox 296 3914 471 3968; x_wconf 87' lang='lat' dir='ltr'><em>Saint-De&#39;sir</em></span> <span class='ocrx_word' id='word_1_220' title='bbox 482 3913 517 3968; x_wconf 88' lang='lat' dir='ltr'><em>de</em></span> <span class='ocrx_word' id='word_1_221' title='bbox 531 3915 653 3983; x_wconf 80' lang='lat' dir='ltr'><em>Lisieux‚</em></span> <span class='ocrx_word' id='word_1_222' title='bbox 667 3927 697 3971; x_wconf 87' lang='lat' dir='ltr'><em>et</em></span> <span class='ocrx_word' id='word_1_223' title='bbox 711 3915 774 3970; x_wconf 91' lang='lat' dir='ltr'><em>leur</em></span> <span class='ocrx_word' id='word_1_224' title='bbox 786 3914 911 3970; x_wconf 86' lang='lat' dir='ltr'><em>nouvelle</em></span> <span class='ocrx_word' id='word_1_225' title='bbox 924 3913 1009 3987; x_wconf 78' lang='lat' dir='ltr'><em>eglise</em></span> <span class='ocrx_word' id='word_1_226' title='bbox 1021 3912 1118 3969; x_wconf 73' lang='lat' dir='ltr'><em>dedice</em></span> <span class='ocrx_word' id='word_1_227' title='bbox 1129 3916 1146 3968; x_wconf 76' lang='lat' dir='ltr'><em>e</em></span> <span class='ocrx_word' id='word_1_228' title='bbox 1159 3913 1256 3968; x_wconf 76' lang='lat' dir='ltr'><em>Notae·</em></span> 
     </span>
     <span class='ocr_line' id='line_1_31' title="bbox 193 4002 1257 4078; baseline 0.002 -23"><span class='ocrx_word' id='word_1_229' title='bbox 193 4002 279 4056; x_wconf 79' lang='lat' dir='ltr'><em>Dante</em></span> <span class='ocrx_word' id='word_1_230' title='bbox 303 4022 411 4059; x_wconf 87' lang='lat' dir='ltr'><em>comme</em></span> <span class='ocrx_word' id='word_1_231' title='bbox 438 4004 599 4060; x_wconf 88' lang='lat' dir='ltr'><em>l’ancienne.</em></span> <span class='ocrx_word' id='word_1_232' title='bbox 625 4005 719 4078; x_wconf 83' lang='lat' dir='ltr'><em>Voyez</em></span> <span class='ocrx_word' id='word_1_233' title='bbox 743 4005 769 4060; x_wconf 83' lang='lat' dir='ltr'><em>la</em></span> <span class='ocrx_word' id='word_1_234' title='bbox 797 4005 893 4060; x_wconf 85' lang='lat' dir='ltr'><em>charte</em></span> <span class='ocrx_word' id='word_1_235' title='bbox 917 4002 952 4058; x_wconf 88' lang='lat' dir='ltr'><em>de</em></span> <span class='ocrx_word' id='word_1_236' title='bbox 978 4002 1122 4060; x_wconf 78' lang='lat' dir='ltr'><em>fondation</em></span> <span class='ocrx_word' id='word_1_237' title='bbox 1146 4003 1257 4073; x_wconf 72' lang='lat' dir='ltr'><em>(Gaetu</em></span> 
     </span>
     <span class='ocr_line' id='line_1_32' title="bbox 194 4092 902 4165; baseline 0.004 -20"><span class='ocrx_word' id='word_1_238' title='bbox 194 4093 361 4162; x_wconf 76' lang='lat' dir='ltr'><em>chr-isticce,</em></span> <span class='ocrx_word' id='word_1_239' title='bbox 376 4099 502 4149; x_wconf 84' lang='lat' dir='ltr'><em>instrum.</em></span> <span class='ocrx_word' id='word_1_240' title='bbox 515 4096 610 4150; x_wconf 86' lang='lat' dir='ltr'><em>eccles.</em></span> <span class='ocrx_word' id='word_1_241' title='bbox 625 4095 741 4164; x_wconf 67' lang='lat' dir='ltr'><em>lexov,</em></span> <span class='ocrx_word' id='word_1_242' title='bbox 758 4095 810 4150; x_wconf 86' lang='lat' dir='ltr'><em>ool.</em></span> <span class='ocrx_word' id='word_1_243' title='bbox 826 4092 902 4165; x_wconf 77' lang='lat'><strong>205).</strong></span> 
     </span>
    </p>

    <p class='ocr_par' dir='ltr' id='par_1_4' title="bbox 227 4181 1040 4257">
     <span class='ocr_line' id='line_1_33' title="bbox 227 4181 1040 4257; baseline 0.004 -24"><span class='ocrx_word' id='word_1_244' title='bbox 227 4182 267 4250; x_wconf 75' lang='lat' dir='ltr'><em>(a)</em></span> <span class='ocrx_word' id='word_1_245' title='bbox 287 4181 401 4254; x_wconf 79' lang='lat' dir='ltr'><em>L’eglise</em></span> <span class='ocrx_word' id='word_1_246' title='bbox 416 4184 463 4240; x_wconf 86' lang='lat' dir='ltr'><em>des</em></span> <span class='ocrx_word' id='word_1_247' title='bbox 477 4183 650 4257; x_wconf 80' lang='lat' dir='ltr'><em>religieuscs,</em></span> <span class='ocrx_word' id='word_1_248' title='bbox 667 4182 844 4257; x_wconf 80' lang='lat' dir='ltr'><em>aujourd&#39;hui</em></span> <span class='ocrx_word' id='word_1_249' title='bbox 858 4183 1040 4242; x_wconf 75' lang='lat' dir='ltr'><em>Sciat-Deris.</em></span> 
     </span>
    </p>
   </div>
   <div class='ocr_carea' id='block_1_4' title="bbox 0 0 1460 4980">
    <p class='ocr_par' dir='ltr' id='par_1_5' title="bbox 0 0 1460 4980">
     <span class='ocr_line' id='line_1_34' title="bbox 0 0 1460 4980; baseline 0 0"><span class='ocrx_word' id='word_1_250' title='bbox 0 0 1460 4980; x_wconf 95' lang='lat' dir='ltr'><em> </em></span> 
     </span>
    </p>
   </div>
  </div>
 </body>
</html>
