2910 4980
197 414 254 475 17⁸
472 409 654 472 HISTORIA
677 410 982 474 Eccttsttsutct.
1058 417 1265 500 [lucr-lues]

193 534 379 633 regionem
404 530 553 603 dimisit.
577 529 716 604 Deinde
743 547 839 606 sexta
863 547 970 606 nocte
996 532 1196 608 decembris
1221 539 1267 612 ad

194 649 466 725 ostiumamnis
489 648 624 747 Deppae
652 648 747 720 ultra
769 648 945 747 oppidum
967 648 1104 724 Arcbas
1120 655 1181 752 (1)
1203 680 1267 728 ac-

193 769 318 856 cessit,
334 767 522 867 primaque
535 764 652 865 vigilia
669 764 795 865 gelidae
812 767 930 840 noctis
947 768 1084 843 Austro
1101 768 1178 846 vela
1198 771 1266 846 dc-

193 884 266 972 dit,
288 896 326 956 et
343 908 448 955 mane
469 896 618 980 portum
635 880 792 980 oppositi
819 880 951 954 littoris
975 882 1111 983 (quem
1127 885 1265 962 Vince-

193 999 335 1073 nesium
352 999 409 1097 (a)
422 997 605 1093 vocitant)
616 996 862 1096 prosperrimo
875 1023 982 1071 cursu
1000 1000 1166 1099 arripuit.
1184 1004 1265 1077 Jam

192 1142 278 1188 aura
302 1114 461 1187 hiemalis
485 1138 583 1185 mare
605 1112 840 1184 saevissimum
856 1111 1031 1188 efficiebat
1038 1141 1051 1202 3
1070 1115 1133 1189 sed
1147 1118 1263 1191 suncti

194 1232 334 1306 Nicolai
359 1232 595 1331 Myrreorum
623 1228 787 1328 proesulis
812 1229 1077 1306 solemnitatem
1104 1232 1263 1307 Ecclesia

193 1350 258 1423 Dei
277 1345 500 1436 celebrabat,
519 1360 556 1420 et
569 1348 606 1418 in
625 1336 848 1420 Norutannia
866 1372 936 1446 pro
949 1346 1084 1422 devoto
1097 1351 1263 1450 principe

194 1467 350 1542 fideliter
358 1463 498 1541 orabat.
510 1465 783 1564 Omnipoteutia
794 1491 881 1566 ergo
892 1464 1027 1556 divina,
1041 1494 1124 1569 quae
1136 1494 1263 1544 omnes

194 1586 330 1685 ubique
348 1601 385 1658 et
406 1610 546 1683 semper
561 1608 653 1684 quos
667 1582 747 1655 vult
765 1608 936 1684 prospere
953 1584 1146 1685 gubernat,
1164 1584 1264 1662 beni·

194 1702 319 1779 volum
335 1728 455 1802 regem
482 1701 578 1773 inter
602 1699 770 1774 hiemales
798 1716 1023 1800 tempestates
1045 1703 1089 1776 ad
1111 1718 1263 1804 portum

193 1820 317 1892 salutis
347 1843 432 1890 cum
454 1817 584 1916 gaudio
601 1814 790 1916 dirigebat.
818 1819 893 1890 Rex
917 1819 955 1891 in
972 1818 1032 1891 illa
1056 1820 1263 1895 transfreta·

194 1937 296 2010 tione
318 1934 511 2034 Rogerium
538 1932 581 2006 de
599 1934 932 2007 Monte-Gomerici
953 1936 1086 2036 (quem
1102 1938 1263 2012 tutorem

194 2053 443 2140 Nonnanniae,
458 2050 546 2124 dum
562 2050 607 2123 ad
619 2049 756 2124 bellum
766 2053 1046 2125 transmarinum
1062 2053 1264 2152 proficisce-

194 2190 314 2262 retur,
344 2196 428 2244 cum
457 2196 519 2242 sua
548 2173 700 2270 conjuge
725 2170 930 2269 dimiserat)
947 2197 1066 2244 secum
1085 2173 1260 2262 minavit,

192 2292 296 2391 eique
318 2291 440 2388 primo
458 2289 652 2361 Cicestram
674 2302 711 2360 et
733 2287 971 2361 Arundellum
983 2342 994 2375 ,
1021 2315 1062 2361 ac
1086 2304 1170 2388 post
1196 2289 1263 2363 ali-

195 2422 287 2508 quot
303 2411 451 2504 'tempus
473 2402 834 2478 scrobesburiensem
860 2403 1073 2476 comitatum
1095 2404 1259 2478 donavit.

240 2523 419 2598 Adventui
439 2523 531 2620 regis
558 2520 665 2621 Angli
688 2536 946 2608 occurrerunt,
975 2524 1166 2623 ipsumque
1187 2541 1262 2597 tam

192 2638 467 2716 honorificentia
486 2635 728 2710 monasteriali
754 2664 861 2738 quam
886 2635 1116 2712 saecularibus
1136 2641 1262 2714 officiis

192 2758 490 2830 sublimaverunt.
518 2757 596 2853 lpse
617 2754 819 2828 bundoniae
841 2756 1068 2830 Dominicam
1084 2757 1263 2831 Nativita-

192 2892 267 2948 tem
294 2871 508 2955 celebrarit,
535 2870 658 2970 ibique
686 2871 920 2971 pontificibus
949 2874 1076 2975 Anglis
1099 2875 1263 2973 proceri·

192 2991 330 3090 busque
344 2989 455 3060 multa
470 2987 663 3061 calliditate
681 2987 783 3060 lavit.
800 2990 878 3087 lpse
888 3015 1014 3063 omnes
1028 2991 1190 3065 officioso
1201 2991 1261 3064 af-

191 3108 290 3182 l'ectu
303 3106 545 3189 demulcebat,
564 3106 718 3181 dulciter
731 3106 774 3180 ad
783 3108 902 3181 oscula
921 3107 1107 3196 invitabat,
1120 3111 1262 3181 cunctis

191 3224 437 3298 affabilitatem
460 3220 689 3309 ostendebat3
712 3221 890 3322 benigne,
917 3224 944 3295 si
971 3222 1060 3323 qnid
1086 3222 1261 3315 orabant,

193 3340 411 3418 concedebat
420 3371 430 3429 ;
451 3356 633 3440 prompte,
649 3342 677 3410 si
692 3339 914 3414 nunciabant
925 3356 988 3414 aut
1001 3341 1260 3444 suggerebant,

187 3664 249 3738 filii
259 3679 340 3734 quem
353 3661 496 3731 elegerant
512 3656 552 3710 ad
565 3655 779 3728 gubernandum
798 3674 916 3728 regnum
932 3666 995 3727 post
1010 3675 1091 3713 suum
1108 3659 1262 3714 obitum...

195 3757 205 3822 (
211 3752 345 3807 Archives
358 3748 393 3803 de
406 3746 583 3805 Saint-Ouen
597 3745 632 3800 de
646 3745 766 3815 Rouen).
781 3745 862 3800 Cette
874 3745 969 3801 charte
981 3756 1061 3819 porte
1074 3764 1102 3801 sa
1120 3751 1264 3823 couscrip-

197 3844 270 3905 tion,
286 3837 422 3912 quoiqu'il
432 3836 528 3890 nediu
541 3853 588 3908 pas
598 3835 670 3890 alors
683 3835 743 3889 etre
752 3834 803 3906 ige
814 3832 849 3889 de
861 3833 923 3907 plus
932 3833 967 3888 de
981 3835 1115 3890 neulans.

232 3932 241 3998 (
248 3932 270 3998 ι)
290 3929 392 3982 Amnis
404 3926 504 3996 Deppc
518 3949 524 3975 .·
539 3923 564 3978 la
573 3924 694 3997 Dieppe,
708 3925 757 3996 qui
770 3942 785 3977 a
797 3922 891 3976 donne
903 3941 952 3977 son
962 3943 1027 3979 nom
1042 3927 1058 3979 d
1073 3925 1098 3979 la
1112 3924 1177 3981 ville
1189 3925 1268 3981 hesic

197 4023 211 4072 a
223 4037 272 4072 son
284 4015 475 4073 embcuebure
487 4013 737 4086 posterieuremeut
748 4015 763 4065 l
773 4030 804 4065 ce
816 4028 932 4084 voyage,
946 4012 1073 4087 s’appelle
1082 4013 1264 4085 aujourd'bui

198 4108 223 4160 la
237 4104 479 4177 Bethunejusqu’d
491 4120 520 4155 sa
533 4103 649 4156 reunion
663 4105 678 4155 a
692 4100 718 4156 la
732 4101 831 4154 rividre
844 4099 989 4177 d’Arques.

232 4199 270 4266 (a)
289 4193 479 4261 Winchelsea,
496 4192 564 4247 dans
575 4191 601 4246 le
613 4195 704 4247 comte'
717 4190 752 4246 dc
765 4191 872 4246 Sosser.
