2910 4980
201 421 378 500 [mnus]
575 420 692 483 uranu
712 421 892 488 ruamus.
1210 432 1269 491 ras

201 565 314 639 quem
330 539 447 614 solum
464 537 637 615 habuerat
647 594 659 629 ,
678 556 714 615 et
730 556 885 641 quatuor
903 541 1121 640 pauperibus
1131 597 1143 633 ,
1164 572 1269 618 mur-

199 673 371 732 murante
390 657 566 733 Vulmaro
588 659 756 732 ministro
783 663 878 758 ejus,
901 658 1088 750 diviserat,
1113 677 1269 762 quatuor

199 773 384 846 naviculas
393 776 494 874 copia
511 774 582 847 cibi
605 792 642 849 et
654 791 763 874 potus
777 789 923 851 onustas
940 802 1005 875 per
1021 776 1152 851 Alteiae
1172 779 1269 852 rivos

200 904 366 964 tractasa
386 892 462 968 Deo
482 894 630 992 recepit.
650 894 786 968 Deinde
815 894 979 968 Runiaco
1005 922 1112 995 super
1131 895 1268 970 flumen

200 1007 457 1109 Quantiam(r)
470 1012 672 1086 oratorium
681 1011 971 1085 sanctoMartino
981 1014 1196 1101 construxit,
1207 1012 1272 1086 ibi·

196 1149 271 1224 que
288 1151 355 1202 xtv
371 1128 474 1202 annis
493 1127 678 1201 habitarit.
697 1127 828 1225 Aquila
848 1153 886 1200 xr
902 1129 1050 1229 gallinas
1072 1132 1104 1204 ei
1121 1132 1264 1229 rapuit3

196 1238 355 1342 denique
371 1270 455 1317 cum
471 1243 605 1344 gallum
621 1228 813 1342 rapuisset,
831 1244 888 1316 rir
905 1245 970 1318 Dei
989 1247 1132 1346 signum
1151 1248 1267 1318 crucis

196 1382 282 1431 cum
294 1386 401 1458 prece
413 1359 524 1434 dedit.
541 1366 625 1434 Mox
639 1360 755 1460 aquila
770 1359 897 1448 rediit,
913 1361 1046 1460 gallum
1059 1361 1266 1436 incolumen

195 1480 379 1577 exposuit,
398 1494 434 1554 et
451 1480 628 1555 contiuuo
643 1479 831 1577 expiravit.
849 1479 1041 1574 Quondam
1056 1480 1144 1553 dum
1159 1481 1268 1554 Judo·

195 1618 257 1667 cus
277 1620 362 1668 cum
385 1596 475 1670 duee
498 1598 675 1672 Haimone
694 1597 731 1668 in
755 1596 862 1669 densa
885 1598 984 1697 sylva
1007 1596 1266 1670 habitationem

193 1710 261 1785 sibi
279 1739 478 1813 congruam
489 1726 690 1814 quaereret,
707 1729 744 1785 et
758 1712 831 1785 dux
846 1728 979 1786 venatu
991 1713 1122 1800 sessus,
1140 1714 1266 1785 nimia-

192 1853 264 1929 que
279 1829 339 1901 siti
364 1845 517 1905 aestuaus
533 1829 727 1917 dormiret,
743 1829 798 1900 vir
816 1828 880 1902 Dei
899 1827 1069 1901 baculum
1087 1854 1162 1928 quo
1184 1844 1265 1902 ute-

192 1943 301 2020 batur
316 1945 417 2020 humi
432 1947 575 2035 defixit,
594 1964 632 2021 et
647 1945 814 2045 precibus
830 1946 875 2019 ad
891 1947 1008 2019 Deum
1020 1945 1108 2018 fusis
1121 1945 1264 2020 sontem

192 2064 329 2138 eduxit.
345 2065 463 2158 Quem
474 2068 561 2165 aegri
577 2064 663 2137 illuc
675 2065 861 2138 venientes
875 2079 1110 2150 venerantur,
1126 2079 1163 2136 et
1179 2064 1263 2138 inde

191 2177 358 2257 bibentes
381 2185 455 2258 cito
472 2197 657 2256 sanantur.
678 2182 809 2254 Servus
831 2180 895 2252 Dei
916 2179 990 2252 duo
1009 2176 1175 2252 manibus
1191 2181 1264 2252 suis

192 2298 230 2372 in
250 2301 352 2400 sylva
377 2328 420 2375 ex
445 2300 552 2398 lignis
576 2298 733 2373 oratoria
755 2296 972 2370 construxit.
991 2295 1117 2368 Unum
1135 2322 1262 2369 eorum

191 2413 278 2489 lecit
293 2419 403 2490 Petro
420 2416 504 2488 coeli
524 2414 721 2513 clavigero,
742 2430 778 2486 et
799 2412 896 2485 aliud
912 2413 1117 2512 magnilogo
1134 2413 1258 2485 Paulo.

191 2531 316 2608 Postea
341 2536 491 2609 Romam
514 2532 699 2632 perrexit,
730 2546 767 2606 et
791 2532 872 2604 inde
900 2532 1030 2604 multas
1053 2547 1261 2606 sanctorum

192 2650 361 2753 reliquias
378 2651 521 2727 detulit.
539 2651 670 2724 Juliula
689 2650 806 2749 puella
830 2677 849 2722 a
874 2651 1061 2723 nativitate
1086 2675 1178 2722 caeea
1195 2676 1261 2749 per

194 2771 315 2845 visum
328 2772 471 2847 monita
486 2786 540 2845 est
558 2785 600 2842 ut
616 2769 745 2844 faelem
758 2796 859 2841 suam
874 2795 917 2841 ex
931 2795 1021 2868 aqua
1036 2767 1131 2841 unde
1144 2769 1165 2840 J
1168 2768 1261 2841 udo-

192 2911 252 2960 cus
262 2912 391 2961 manus
404 2914 482 2961 suas
495 2886 676 2974 ablueret,
691 2886 835 2959 lavaret.
849 2884 960 2985 Quod
971 2899 1013 2955 ut
1025 2883 1128 2972 fecit,
1142 2891 1260 2956 visum

191 3006 339 3104 recepit.
356 3006 434 3080 Hoc
450 3005 538 3078 dum
554 3005 612 3077 vir
629 3004 694 3077 Dei
711 3005 822 3077 Roma
840 3002 975 3076 rediret
990 3019 1111 3075 actum
1129 3017 1202 3091 est,
1224 3020 1260 3078 et

191 3121 406 3222 eruxliguea
417 3119 869 3221 ibipositaest,undelocus
880 3121 953 3219 ipse
961 3119 1184 3192 Cruxdictus
1192 3137 1257 3192 est.

236 3238 397 3326 Interea,
417 3238 504 3311 dum
523 3237 682 3311 Judocus
697 3239 850 3311 Romam
871 3237 1107 3335 perrexisset,
1129 3235 1258 3307 Haimo

190 3350 263 3428 dux
284 3353 459 3452 lapideam
486 3357 523 3428 in
553 3381 675 3429 eremo
694 3355 878 3428 ecclesiam
898 3352 1120 3440 construxit,
1149 3377 1259 3451 quam

189 3485 272 3570 post
296 3469 455 3545 reditum
482 3472 639 3548 hominis
664 3474 731 3547 Dei
758 3474 796 3545 in
823 3471 962 3546 honore
990 3469 1084 3544 beati
1109 3469 1258 3543 Martini

189 3587 345 3664 dedicari
368 3590 472 3679 fecit,
492 3609 528 3665 et
551 3620 618 3691 pro
641 3593 725 3666 dote
742 3591 932 3691 quamdam
950 3589 1071 3661 villam
1089 3587 1260 3687 proprie-

190 3705 273 3779 tatis
294 3732 367 3780 suae
384 3733 467 3780 cum
485 3707 655 3783 omnibus
678 3705 892 3808 appenditiis
909 3704 953 3778 ad
975 3732 1051 3780 eam
1068 3704 1260 3804 pertinen-

222 4017 264 4085 (ι)
283 4014 308 4070 Il
321 4027 364 4072 eet
376 4016 508 4091 probahle
520 4037 575 4091 que
591 4018 656 4072 c'est
669 4017 694 4073 le
712 4016 768 4072 lieu
781 4017 854 4072 sitae
869 4020 885 4071 a
899 4017 965 4091 cinq
980 4027 1076 4090 quarta
1089 4016 1125 4072 de
1136 4015 1209 4072 lieue
1222 4016 1258 4071 dc

189 4103 356 4174 ttonueuit,
371 4124 419 4162 sur
431 4107 456 4163 la
469 4108 594 4177 Canche,
610 4109 658 4182 qui
672 4127 687 4161 a
704 4108 762 4181 pris
775 4106 801 4160 le
820 4125 887 4162 nom
898 4106 933 4161 de
945 4106 1129 4175 saint-tasse,
1149 4107 1163 4160 a
1178 4123 1259 4162 cause

189 4190 273 4250 ‹l’uue
286 4195 392 4270 abbaye
404 4196 502 4255 dediee
515 4202 530 4254 i
541 4216 571 4255 ce
583 4199 655 4254 saint
665 4199 714 4272 qui
728 4217 745 4270 y
759 4197 802 4253 lut
815 4197 915 4253 etablie
927 4215 977 4270 par
990 4196 1016 4252 la
1029 4197 1110 4252 suite.
