<?xml version="1.0" encoding="UTF-8"?>
<!DOCTYPE html PUBLIC "-//W3C//DTD XHTML 1.0 Transitional//EN"
    "http://www.w3.org/TR/xhtml1/DTD/xhtml1-transitional.dtd">
<html xmlns="http://www.w3.org/1999/xhtml" xml:lang="en" lang="en">
 <head>
  <title>
</title>
<meta http-equiv="Content-Type" content="text/html;charset=utf-8" />
  <meta name='ocr-system' content='tesseract 3.04.00' />
  <meta name='ocr-capabilities' content='ocr_page ocr_carea ocr_par ocr_line ocrx_word'/>
</head>
<body>
  <div class='ocr_page' id='page_1' title='image "./ordericivitalis01deligoog/ordericivitalis01deligoog_0338.png"; bbox 0 0 2926 4980; ppageno 0'>
   <div class='ocr_carea' id='block_1_1' title="bbox 555 433 1258 513">
    <p class='ocr_par' dir='ltr' id='par_1_1' title="bbox 555 433 1258 513">
     <span class='ocr_line' id='line_1_1' title="bbox 555 433 1258 513; baseline 0.007 -17"><span class='ocrx_word' id='word_1_1' title='bbox 555 433 672 497; x_wconf 81' lang='lat' dir='ltr'>LIBER</span> <span class='ocrx_word' id='word_1_2' title='bbox 693 435 878 513; x_wconf 81' lang='lat' dir='ltr'><strong>QUINTUS.</strong></span> <span class='ocrx_word' id='word_1_3' title='bbox 1198 441 1258 501; x_wconf 73' lang='lat'><strong>325</strong></span> 
     </span>
    </p>
   </div>
   <div class='ocr_carea' id='block_1_2' title="bbox 191 552 1268 2990">
    <p class='ocr_par' dir='ltr' id='par_1_2' title="bbox 191 552 1268 2522">
     <span class='ocr_line' id='line_1_2' title="bbox 191 552 1256 653; baseline 0.006 -28"><span class='ocrx_word' id='word_1_4' title='bbox 191 579 296 641; x_wconf 88' lang='lat' dir='ltr'><strong>rans,</strong></span> <span class='ocrx_word' id='word_1_5' title='bbox 321 578 405 624; x_wconf 89' lang='lat' dir='ltr'><strong>cum</strong></span> <span class='ocrx_word' id='word_1_6' title='bbox 424 552 579 647; x_wconf 85' lang='lat' dir='ltr'><strong>Quirino</strong></span> <span class='ocrx_word' id='word_1_7' title='bbox 596 552 807 653; x_wconf 87' lang='lat' dir='ltr'><strong>presbytero</strong></span> <span class='ocrx_word' id='word_1_8' title='bbox 822 581 863 628; x_wconf 87' lang='lat' dir='ltr'><strong>ac</strong></span> <span class='ocrx_word' id='word_1_9' title='bbox 881 555 1073 628; x_wconf 81' lang='lat' dir='ltr'><strong>scuviculo</strong></span> <span class='ocrx_word' id='word_1_10' title='bbox 1090 554 1256 645; x_wconf 86' lang='lat' dir='ltr'><strong>diacono,</strong></span> 
     </span>
     <span class='ocr_line' id='line_1_3' title="bbox 191 667 1258 771; baseline 0.006 -31"><span class='ocrx_word' id='word_1_11' title='bbox 191 683 231 740; x_wconf 56' lang='grc' dir='ltr'><strong>νο</strong></span> <span class='ocrx_word' id='word_1_12' title='bbox 253 667 332 743; x_wconf 87' lang='lat' dir='ltr'><strong>idus</strong></span> <span class='ocrx_word' id='word_1_13' title='bbox 352 668 512 745; x_wconf 83' lang='lat' dir='ltr'><strong>octobris</strong></span> <span class='ocrx_word' id='word_1_14' title='bbox 533 670 728 747; x_wconf 78' lang='lat' dir='ltr'><strong>decollatus</strong></span> <span class='ocrx_word' id='word_1_15' title='bbox 747 687 813 745; x_wconf 91' lang='lat' dir='ltr'><strong>est.</strong></span> <span class='ocrx_word' id='word_1_16' title='bbox 834 672 997 771; x_wconf 78' lang='lat' dir='ltr'><strong>Corpora</strong></span> <span class='ocrx_word' id='word_1_17' title='bbox 1022 698 1108 746; x_wconf 82' lang='lat' dir='ltr'><strong>vero</strong></span> <span class='ocrx_word' id='word_1_18' title='bbox 1132 699 1258 747; x_wconf 87' lang='lat' dir='ltr'><strong>eorum</strong></span> 
     </span>
     <span class='ocr_line' id='line_1_4' title="bbox 192 784 1261 888; baseline 0.006 -31"><span class='ocrx_word' id='word_1_19' title='bbox 192 784 340 878; x_wconf 83' lang='lat' dir='ltr'><strong>avibus,</strong></span> <span class='ocrx_word' id='word_1_20' title='bbox 362 785 538 886; x_wconf 87' lang='lat' dir='ltr'><strong>improbis</strong></span> <span class='ocrx_word' id='word_1_21' title='bbox 555 786 720 875; x_wconf 86' lang='lat' dir='ltr'><strong>canibus,</strong></span> <span class='ocrx_word' id='word_1_22' title='bbox 739 787 894 888; x_wconf 85' lang='lat' dir='ltr'><strong>ferisque</strong></span> <span class='ocrx_word' id='word_1_23' title='bbox 916 789 1074 862; x_wconf 87' lang='lat' dir='ltr'><strong>voranda</strong></span> <span class='ocrx_word' id='word_1_24' title='bbox 1095 815 1114 860; x_wconf 96' lang='lat' dir='ltr'><strong>a</strong></span> <span class='ocrx_word' id='word_1_25' title='bbox 1136 815 1261 888; x_wconf 87' lang='lat' dir='ltr'><strong>perse-</strong></span> 
     </span>
     <span class='ocr_line' id='line_1_5' title="bbox 192 902 1260 1005; baseline 0.003 -30"><span class='ocrx_word' id='word_1_26' title='bbox 192 902 383 978; x_wconf 88' lang='lat' dir='ltr'><strong>cutoribus</strong></span> <span class='ocrx_word' id='word_1_27' title='bbox 404 902 572 978; x_wconf 87' lang='lat' dir='ltr'><strong>derelicta</strong></span> <span class='ocrx_word' id='word_1_28' title='bbox 591 917 694 992; x_wconf 82' lang='lat' dir='ltr'><strong>sunt3</strong></span> <span class='ocrx_word' id='word_1_29' title='bbox 714 904 774 980; x_wconf 90' lang='lat' dir='ltr'><strong>sed</strong></span> <span class='ocrx_word' id='word_1_30' title='bbox 791 907 891 1004; x_wconf 88' lang='lat' dir='ltr'><strong>jussu</strong></span> <span class='ocrx_word' id='word_1_31' title='bbox 912 906 1174 1005; x_wconf 87' lang='lat' dir='ltr'><strong>omnipotentis</strong></span> <span class='ocrx_word' id='word_1_32' title='bbox 1195 907 1260 980; x_wconf 89' lang='lat' dir='ltr'><strong>Dei</strong></span> 
     </span>
     <span class='ocr_line' id='line_1_6' title="bbox 193 1018 1261 1124; baseline 0.003 -32"><span class='ocrx_word' id='word_1_33' title='bbox 193 1018 241 1093; x_wconf 89' lang='lat' dir='ltr'><strong>ab</strong></span> <span class='ocrx_word' id='word_1_34' title='bbox 263 1021 397 1123; x_wconf 80' lang='lat' dir='ltr'><strong>angelis</strong></span> <span class='ocrx_word' id='word_1_35' title='bbox 420 1022 553 1095; x_wconf 85' lang='lat' dir='ltr'><strong>intacta</strong></span> <span class='ocrx_word' id='word_1_36' title='bbox 577 1023 754 1096; x_wconf 87' lang='lat' dir='ltr'><strong>custodita</strong></span> <span class='ocrx_word' id='word_1_37' title='bbox 778 1039 877 1095; x_wconf 87' lang='lat' dir='ltr'><strong>aunt.</strong></span> <span class='ocrx_word' id='word_1_38' title='bbox 907 1023 1047 1096; x_wconf 85' lang='lat' dir='ltr'><strong>Deinde</strong></span> <span class='ocrx_word' id='word_1_39' title='bbox 1071 1038 1261 1124; x_wconf 79' lang='lat' dir='ltr'><strong>postquam</strong></span> 
     </span>
     <span class='ocr_line' id='line_1_7' title="bbox 192 1135 1261 1237; baseline -0.002 -26"><span class='ocrx_word' id='word_1_40' title='bbox 192 1135 339 1237; x_wconf 86' lang='lat' dir='ltr'><strong>profani</strong></span> <span class='ocrx_word' id='word_1_41' title='bbox 356 1137 524 1212; x_wconf 83' lang='lat' dir='ltr'><strong>satellites</strong></span> <span class='ocrx_word' id='word_1_42' title='bbox 540 1154 782 1225; x_wconf 83' lang='lat' dir='ltr'><strong>recesserunt,</strong></span> <span class='ocrx_word' id='word_1_43' title='bbox 802 1138 1005 1212; x_wconf 79' lang='lat' dir='ltr'><strong>succedenti</strong></span> <span class='ocrx_word' id='word_1_44' title='bbox 1023 1154 1131 1213; x_wconf 90' lang='lat' dir='ltr'><strong>nocte</strong></span> <span class='ocrx_word' id='word_1_45' title='bbox 1149 1140 1261 1213; x_wconf 69' lang='lat' dir='ltr'><strong>macti</strong></span> 
     </span>
     <span class='ocr_line' id='line_1_8' title="bbox 192 1255 1264 1357; baseline 0.001 -28"><span class='ocrx_word' id='word_1_46' title='bbox 192 1271 372 1356; x_wconf 82' lang='lat' dir='ltr'><strong>martyres</strong></span> <span class='ocrx_word' id='word_1_47' title='bbox 387 1255 508 1329; x_wconf 86' lang='lat' dir='ltr'><strong>divina</strong></span> <span class='ocrx_word' id='word_1_48' title='bbox 524 1281 594 1356; x_wconf 84' lang='lat' dir='ltr'><strong>ope</strong></span> <span class='ocrx_word' id='word_1_49' title='bbox 605 1255 820 1330; x_wconf 82' lang='lat' dir='ltr'><strong>mirabiliter</strong></span> <span class='ocrx_word' id='word_1_50' title='bbox 836 1257 945 1331; x_wconf 90' lang='lat' dir='ltr'><strong>erecti</strong></span> <span class='ocrx_word' id='word_1_51' title='bbox 963 1273 1067 1345; x_wconf 85' lang='lat' dir='ltr'><strong>sunt,</strong></span> <span class='ocrx_word' id='word_1_52' title='bbox 1083 1272 1120 1331; x_wconf 91' lang='lat' dir='ltr'><strong>et</strong></span> <span class='ocrx_word' id='word_1_53' title='bbox 1136 1285 1264 1357; x_wconf 87' lang='lat' dir='ltr'><strong>appre-</strong></span> 
     </span>
     <span class='ocr_line' id='line_1_9' title="bbox 194 1369 1264 1472; baseline -0.001 -29"><span class='ocrx_word' id='word_1_54' title='bbox 194 1370 314 1444; x_wconf 84' lang='lat' dir='ltr'><strong>hensis</strong></span> <span class='ocrx_word' id='word_1_55' title='bbox 335 1369 511 1470; x_wconf 86' lang='lat' dir='ltr'><strong>capitibus</strong></span> <span class='ocrx_word' id='word_1_56' title='bbox 527 1372 599 1443; x_wconf 89' lang='lat' dir='ltr'><strong>suis</strong></span> <span class='ocrx_word' id='word_1_57' title='bbox 615 1370 768 1444; x_wconf 86' lang='lat' dir='ltr'><strong>fluvium</strong></span> <span class='ocrx_word' id='word_1_58' title='bbox 788 1372 920 1472; x_wconf 87' lang='lat' dir='ltr'><strong>Eptam</strong></span> <span class='ocrx_word' id='word_1_59' title='bbox 942 1371 1033 1446; x_wconf 84' lang='lat' dir='ltr'><strong>vado</strong></span> <span class='ocrx_word' id='word_1_60' title='bbox 1054 1370 1264 1446; x_wconf 89' lang='lat' dir='ltr'><strong>hominibus</strong></span> 
     </span>
     <span class='ocr_line' id='line_1_10' title="bbox 194 1487 1264 1590; baseline 0 -29"><span class='ocrx_word' id='word_1_61' title='bbox 194 1488 384 1590; x_wconf 80' lang='lat' dir='ltr'><strong>incognito</strong></span> <span class='ocrx_word' id='word_1_62' title='bbox 400 1490 643 1579; x_wconf 78' lang='lat' dir='ltr'><strong>transierunt,</strong></span> <span class='ocrx_word' id='word_1_63' title='bbox 663 1505 699 1564; x_wconf 90' lang='lat' dir='ltr'><strong>et</strong></span> <span class='ocrx_word' id='word_1_64' title='bbox 721 1488 759 1563; x_wconf 90' lang='lat' dir='ltr'><strong>in</strong></span> <span class='ocrx_word' id='word_1_65' title='bbox 785 1489 899 1562; x_wconf 89' lang='lat' dir='ltr'><strong>insula</strong></span> <span class='ocrx_word' id='word_1_66' title='bbox 923 1487 1079 1589; x_wconf 89' lang='lat' dir='ltr'><strong>ejusdem</strong></span> <span class='ocrx_word' id='word_1_67' title='bbox 1102 1489 1264 1562; x_wconf 80' lang='lat' dir='ltr'><strong>{luminis</strong></span> 
     </span>
     <span class='ocr_line' id='line_1_11' title="bbox 191 1605 1265 1707; baseline -0.002 -28"><span class='ocrx_word' id='word_1_68' title='bbox 191 1606 435 1680; x_wconf 86' lang='lat' dir='ltr'><strong>amoenissima</strong></span> <span class='ocrx_word' id='word_1_69' title='bbox 452 1607 707 1707; x_wconf 87' lang='lat' dir='ltr'><strong>requieverunt</strong></span> <span class='ocrx_word' id='word_1_70' title='bbox 725 1607 795 1706; x_wconf 91' lang='lat'>(1).</span> <span class='ocrx_word' id='word_1_71' title='bbox 815 1605 871 1681; x_wconf 90' lang='lat' dir='ltr'><strong>Ob</strong></span> <span class='ocrx_word' id='word_1_72' title='bbox 889 1606 1100 1680; x_wconf 87' lang='lat' dir='ltr'><strong>memoriam</strong></span> <span class='ocrx_word' id='word_1_73' title='bbox 1118 1619 1265 1678; x_wconf 87' lang='lat' dir='ltr'><strong>sancto-</strong></span> 
     </span>
     <span class='ocr_line' id='line_1_12' title="bbox 191 1710 1261 1824; baseline -0.003 -29"><span class='ocrx_word' id='word_1_74' title='bbox 191 1747 291 1811; x_wconf 73' lang='grc' dir='ltr'><strong>ειιιῐι,</strong></span> <span class='ocrx_word' id='word_1_75' title='bbox 305 1721 366 1796; x_wconf 88' lang='lat' dir='ltr'><strong>ille</strong></span> <span class='ocrx_word' id='word_1_76' title='bbox 377 1723 477 1797; x_wconf 90' lang='lat' dir='ltr'><strong>locus</strong></span> <span class='ocrx_word' id='word_1_77' title='bbox 488 1710 622 1798; x_wconf 82' lang='lat' dir='ltr'><strong>extunc</strong></span> <span class='ocrx_word' id='word_1_78' title='bbox 635 1748 748 1824; x_wconf 88' lang='lat' dir='ltr'><strong>usque</strong></span> <span class='ocrx_word' id='word_1_79' title='bbox 759 1723 798 1796; x_wconf 89' lang='lat' dir='ltr'><strong>in</strong></span> <span class='ocrx_word' id='word_1_80' title='bbox 811 1721 1029 1797; x_wconf 88' lang='lat' dir='ltr'><strong>hodiernum</strong></span> <span class='ocrx_word' id='word_1_81' title='bbox 1040 1722 1137 1796; x_wconf 90' lang='lat' dir='ltr'><strong>diem</strong></span> <span class='ocrx_word' id='word_1_82' title='bbox 1147 1722 1238 1797; x_wconf 87' lang='lat' dir='ltr'><strong>Vani</strong></span> <span class='ocrx_word' id='word_1_83' title='bbox 1253 1753 1261 1792; x_wconf 93' lang='lat'><strong>:</strong></span> 
     </span>
     <span class='ocr_line' id='line_1_13' title="bbox 193 1836 1266 1939; baseline -0.001 -30"><span class='ocrx_word' id='word_1_84' title='bbox 193 1836 301 1912; x_wconf 87' lang='lat' dir='ltr'><strong>idest</strong></span> <span class='ocrx_word' id='word_1_85' title='bbox 317 1838 448 1911; x_wconf 82' lang='lat' dir='ltr'><strong>vadum</strong></span> <span class='ocrx_word' id='word_1_86' title='bbox 465 1838 599 1939; x_wconf 84' lang='lat' dir='ltr'><strong>Nigasii</strong></span> <span class='ocrx_word' id='word_1_87' title='bbox 616 1853 847 1938; x_wconf 85' lang='lat' dir='ltr'><strong>nuncupatus</strong></span> <span class='ocrx_word' id='word_1_88' title='bbox 860 1852 915 1912; x_wconf 87' lang='lat' dir='ltr'><strong>est</strong></span> <span class='ocrx_word' id='word_1_89' title='bbox 927 1838 1001 1936; x_wconf 85' lang='lat'>(2);</span> <span class='ocrx_word' id='word_1_90' title='bbox 1023 1837 1060 1910; x_wconf 93' lang='lat' dir='ltr'><strong>in</strong></span> <span class='ocrx_word' id='word_1_91' title='bbox 1079 1863 1155 1938; x_wconf 92' lang='lat' dir='ltr'><strong>quo</strong></span> <span class='ocrx_word' id='word_1_92' title='bbox 1173 1837 1266 1910; x_wconf 86' lang='lat' dir='ltr'><strong>Deus</strong></span> 
     </span>
     <span class='ocr_line' id='line_1_14' title="bbox 193 1952 1267 2055; baseline -0.002 -27"><span class='ocrx_word' id='word_1_93' title='bbox 193 1970 401 2055; x_wconf 86' lang='lat' dir='ltr'><strong>martyrum</strong></span> <span class='ocrx_word' id='word_1_94' title='bbox 426 1957 564 2029; x_wconf 86' lang='lat' dir='ltr'><strong>meritis</strong></span> <span class='ocrx_word' id='word_1_95' title='bbox 590 1955 704 2028; x_wconf 86' lang='lat' dir='ltr'><strong>multa</strong></span> <span class='ocrx_word' id='word_1_96' title='bbox 729 1952 902 2029; x_wconf 87' lang='lat' dir='ltr'><strong>beneficia</strong></span> <span class='ocrx_word' id='word_1_97' title='bbox 929 1953 1084 2028; x_wconf 88' lang='lat' dir='ltr'><strong>fideliter</strong></span> <span class='ocrx_word' id='word_1_98' title='bbox 1110 1980 1267 2055; x_wconf 87' lang='lat' dir='ltr'><strong>poscen-</strong></span> 
     </span>
     <span class='ocr_line' id='line_1_15' title="bbox 195 2067 1266 2171; baseline 0.001 -28"><span class='ocrx_word' id='word_1_99' title='bbox 195 2068 295 2144; x_wconf 84' lang='lat' dir='ltr'><strong>tibus</strong></span> <span class='ocrx_word' id='word_1_100' title='bbox 310 2071 456 2171; x_wconf 84' lang='lat' dir='ltr'><strong>largitus</strong></span> <span class='ocrx_word' id='word_1_101' title='bbox 468 2085 535 2146; x_wconf 85' lang='lat' dir='ltr'><strong>est.</strong></span> <span class='ocrx_word' id='word_1_102' title='bbox 550 2071 670 2143; x_wconf 85' lang='lat' dir='ltr'><strong>Prisca</strong></span> <span class='ocrx_word' id='word_1_103' title='bbox 680 2071 879 2170; x_wconf 83' lang='lat' dir='ltr'><strong>gentilitas,</strong></span> <span class='ocrx_word' id='word_1_104' title='bbox 895 2067 1016 2143; x_wconf 90' lang='lat' dir='ltr'><strong>obiter</strong></span> <span class='ocrx_word' id='word_1_105' title='bbox 1029 2070 1266 2170; x_wconf 84' lang='lat' dir='ltr'><strong>martyrizato</strong></span> 
     </span>
     <span class='ocr_line' id='line_1_16' title="bbox 195 2186 1266 2289; baseline -0.003 -29"><span class='ocrx_word' id='word_1_106' title='bbox 195 2186 451 2285; x_wconf 75' lang='lat' dir='ltr'><strong>praedicatore,</strong></span> <span class='ocrx_word' id='word_1_107' title='bbox 471 2190 714 2289; x_wconf 82' lang='lat' dir='ltr'><strong>Rotomagum</strong></span> <span class='ocrx_word' id='word_1_108' title='bbox 729 2186 793 2261; x_wconf 88' lang='lat' dir='ltr'><strong>diu</strong></span> <span class='ocrx_word' id='word_1_109' title='bbox 809 2187 986 2287; x_wconf 85' lang='lat' dir='ltr'><strong>possedit,</strong></span> <span class='ocrx_word' id='word_1_110' title='bbox 1007 2203 1044 2261; x_wconf 89' lang='lat' dir='ltr'><strong>et</strong></span> <span class='ocrx_word' id='word_1_111' title='bbox 1067 2186 1266 2260; x_wconf 88' lang='lat' dir='ltr'><strong>innumeris</strong></span> 
     </span>
     <span class='ocr_line' id='line_1_17' title="bbox 196 2302 1268 2404; baseline 0 -29"><span class='ocrx_word' id='word_1_112' title='bbox 196 2302 379 2379; x_wconf 88' lang='lat' dir='ltr'><strong>idolorum</strong></span> <span class='ocrx_word' id='word_1_113' title='bbox 398 2305 580 2404; x_wconf 85' lang='lat' dir='ltr'><strong>spurcitiis</strong></span> <span class='ocrx_word' id='word_1_114' title='bbox 603 2330 715 2404; x_wconf 87' lang='lat' dir='ltr'><strong>usque</strong></span> <span class='ocrx_word' id='word_1_115' title='bbox 737 2304 781 2378; x_wconf 91' lang='lat' dir='ltr'><strong>ad</strong></span> <span class='ocrx_word' id='word_1_116' title='bbox 798 2317 963 2377; x_wconf 86' lang='lat' dir='ltr'><strong>sanctum</strong></span> <span class='ocrx_word' id='word_1_117' title='bbox 985 2303 1183 2378; x_wconf 84' lang='lat' dir='ltr'><strong>lllcllonem</strong></span> <span class='ocrx_word' id='word_1_118' title='bbox 1207 2330 1268 2376; x_wconf 85' lang='lat' dir='ltr'><strong>ar-</strong></span> 
     </span>
     <span class='ocr_line' id='line_1_18' title="bbox 196 2417 649 2522; baseline 0.002 -30"><span class='ocrx_word' id='word_1_119' title='bbox 196 2417 466 2521; x_wconf 84' lang='lat' dir='ltr'><strong>chiepiscopum</strong></span> <span class='ocrx_word' id='word_1_120' title='bbox 484 2421 649 2522; x_wconf 84' lang='lat' dir='ltr'><strong>replevit.</strong></span> 
     </span>
    </p>

    <p class='ocr_par' dir='ltr' id='par_1_3' title="bbox 195 2535 1268 2990">
     <span class='ocr_line' id='line_1_19' title="bbox 246 2535 1267 2636; baseline -0.001 -26"><span class='ocrx_word' id='word_1_121' title='bbox 246 2536 327 2610; x_wconf 83' lang='lat' dir='ltr'><strong>Vll.</strong></span> <span class='ocrx_word' id='word_1_122' title='bbox 345 2537 402 2612; x_wconf 90' lang='lat' dir='ltr'><strong>Eo</strong></span> <span class='ocrx_word' id='word_1_123' title='bbox 418 2552 581 2636; x_wconf 87' lang='lat' dir='ltr'><strong>tempore</strong></span> <span class='ocrx_word' id='word_1_124' title='bbox 596 2535 683 2611; x_wconf 88' lang='lat' dir='ltr'><strong>fides</strong></span> <span class='ocrx_word' id='word_1_125' title='bbox 698 2537 832 2611; x_wconf 85' lang='lat' dir='ltr'><strong>Christi</strong></span> <span class='ocrx_word' id='word_1_126' title='bbox 846 2537 1108 2611; x_wconf 80' lang='lat' dir='ltr'><strong>Eranticorum</strong></span> <span class='ocrx_word' id='word_1_127' title='bbox 1125 2567 1134 2609; x_wconf 76' lang='grc' dir='ltr'><strong>ε</strong></span> <span class='ocrx_word' id='word_1_128' title='bbox 1156 2536 1193 2609; x_wconf 92' lang='lat' dir='ltr'><strong>id</strong></span> <span class='ocrx_word' id='word_1_129' title='bbox 1213 2552 1267 2610; x_wconf 90' lang='lat' dir='ltr'><strong>est</strong></span> 
     </span>
     <span class='ocr_line' id='line_1_20' title="bbox 195 2651 1267 2754; baseline 0.002 -28"><span class='ocrx_word' id='word_1_130' title='bbox 195 2651 337 2727; x_wconf 81' lang='lat' dir='ltr'><strong>Ebroas</strong></span> <span class='ocrx_word' id='word_1_131' title='bbox 358 2652 486 2728; x_wconf 88' lang='lat' dir='ltr'><strong>urbem</strong></span> <span class='ocrx_word' id='word_1_132' title='bbox 508 2680 616 2754; x_wconf 89' lang='lat' dir='ltr'><strong>super</strong></span> <span class='ocrx_word' id='word_1_133' title='bbox 637 2657 797 2728; x_wconf 86' lang='lat' dir='ltr'><strong>lttonam</strong></span> <span class='ocrx_word' id='word_1_134' title='bbox 817 2654 970 2727; x_wconf 85' lang='lat' dir='ltr'><strong>fluvium</strong></span> <span class='ocrx_word' id='word_1_135' title='bbox 988 2656 1043 2753; x_wconf 81' lang='lat'><strong>(3)</strong></span> <span class='ocrx_word' id='word_1_136' title='bbox 1063 2655 1168 2727; x_wconf 87' lang='lat' dir='ltr'><strong>sitam</strong></span> <span class='ocrx_word' id='word_1_137' title='bbox 1188 2680 1267 2754; x_wconf 88' lang='lat' dir='ltr'><strong>pos·</strong></span> 
     </span>
     <span class='ocr_line' id='line_1_21' title="bbox 195 2769 1267 2846; baseline 0 -2"><span class='ocrx_word' id='word_1_138' title='bbox 195 2769 333 2846; x_wconf 87' lang='lat' dir='ltr'><strong>sidebat</strong></span> <span class='ocrx_word' id='word_1_139' title='bbox 360 2786 397 2846; x_wconf 87' lang='grc' dir='ltr'><strong>ει</strong></span> <span class='ocrx_word' id='word_1_140' title='bbox 427 2770 619 2846; x_wconf 86' lang='lat' dir='ltr'><strong>salubriter</strong></span> <span class='ocrx_word' id='word_1_141' title='bbox 649 2770 889 2844; x_wconf 86' lang='lat' dir='ltr'><strong>illuminabat.</strong></span> <span class='ocrx_word' id='word_1_142' title='bbox 914 2771 1008 2845; x_wconf 85' lang='lat' dir='ltr'><strong>Nam</strong></span> <span class='ocrx_word' id='word_1_143' title='bbox 1030 2770 1115 2844; x_wconf 89' lang='lat' dir='ltr'><strong>illuc</strong></span> <span class='ocrx_word' id='word_1_144' title='bbox 1141 2770 1267 2846; x_wconf 86' lang='lat' dir='ltr'><strong>beatus</strong></span> 
     </span>
     <span class='ocr_line' id='line_1_22' title="bbox 197 2887 1268 2990; baseline 0.002 -29"><span class='ocrx_word' id='word_1_145' title='bbox 197 2889 378 2963; x_wconf 85' lang='lat' dir='ltr'><strong>Taurinus</strong></span> <span class='ocrx_word' id='word_1_146' title='bbox 394 2917 412 2962; x_wconf 85' lang='lat' dir='ltr'><strong>a</strong></span> <span class='ocrx_word' id='word_1_147' title='bbox 430 2888 607 2990; x_wconf 86' lang='lat' dir='ltr'><strong>Dionysio</strong></span> <span class='ocrx_word' id='word_1_148' title='bbox 622 2887 804 2964; x_wconf 86' lang='lat' dir='ltr'><strong>Machario</strong></span> <span class='ocrx_word' id='word_1_149' title='bbox 821 2891 877 2989; x_wconf 74' lang='grc' dir='ltr'><strong>(Δ)</strong></span> <span class='ocrx_word' id='word_1_150' title='bbox 895 2890 1053 2965; x_wconf 86' lang='lat' dir='ltr'><strong>directus</strong></span> <span class='ocrx_word' id='word_1_151' title='bbox 1070 2889 1189 2965; x_wconf 86' lang='lat' dir='ltr'><strong>fuerat</strong></span> <span class='ocrx_word' id='word_1_152' title='bbox 1199 2944 1211 2979; x_wconf 92' lang='lat'><strong><em>,</em></strong></span> <span class='ocrx_word' id='word_1_153' title='bbox 1229 2905 1268 2965; x_wconf 94' lang='grc' dir='ltr'><strong>ει</strong></span> 
     </span>
    </p>
   </div>
   <div class='ocr_carea' id='block_1_3' title="bbox 194 3137 1270 4286">
    <p class='ocr_par' dir='ltr' id='par_1_4' title="bbox 194 3137 1266 3301">
     <span class='ocr_line' id='line_1_23' title="bbox 195 3137 1266 3214; baseline 0.002 -21"><span class='ocrx_word' id='word_1_154' title='bbox 195 3147 274 3194; x_wconf 88' lang='lat' dir='ltr'><strong>ment</strong></span> <span class='ocrx_word' id='word_1_155' title='bbox 286 3138 313 3194; x_wconf 86' lang='lat' dir='ltr'><strong>lc</strong></span> <span class='ocrx_word' id='word_1_156' title='bbox 326 3156 393 3195; x_wconf 90' lang='lat' dir='ltr'><strong>nom</strong></span> <span class='ocrx_word' id='word_1_157' title='bbox 406 3138 442 3195; x_wconf 90' lang='lat' dir='ltr'><strong>de</strong></span> <span class='ocrx_word' id='word_1_158' title='bbox 455 3138 481 3193; x_wconf 87' lang='lat' dir='ltr'><strong>la</strong></span> <span class='ocrx_word' id='word_1_159' title='bbox 495 3137 714 3196; x_wconf 68' lang='lat' dir='ltr'><strong>licebat-Goion.</strong></span> <span class='ocrx_word' id='word_1_160' title='bbox 727 3138 866 3195; x_wconf 88' lang='lat' dir='ltr'><strong>Sisinnius</strong></span> <span class='ocrx_word' id='word_1_161' title='bbox 879 3149 973 3195; x_wconf 81' lang='lat' dir='ltr'><strong>estun</strong></span> <span class='ocrx_word' id='word_1_162' title='bbox 986 3157 1159 3214; x_wconf 80' lang='lat' dir='ltr'><strong>personnagc</strong></span> <span class='ocrx_word' id='word_1_163' title='bbox 1172 3139 1266 3213; x_wconf 75' lang='lat' dir='ltr'><strong>oblige</strong></span> 
     </span>
     <span class='ocr_line' id='line_1_24' title="bbox 194 3224 958 3301; baseline -0.003 -18"><span class='ocrx_word' id='word_1_164' title='bbox 194 3224 269 3283; x_wconf 82' lang='lat' dir='ltr'><strong>dela</strong></span> <span class='ocrx_word' id='word_1_165' title='bbox 281 3226 344 3300; x_wconf 88' lang='lat' dir='ltr'><strong>plus</strong></span> <span class='ocrx_word' id='word_1_166' title='bbox 357 3225 461 3300; x_wconf 75' lang='lat' dir='ltr'><strong>grande</strong></span> <span class='ocrx_word' id='word_1_167' title='bbox 472 3226 563 3300; x_wconf 86' lang='lat' dir='ltr'><strong>partie</strong></span> <span class='ocrx_word' id='word_1_168' title='bbox 575 3226 624 3282; x_wconf 88' lang='lat' dir='ltr'><strong>des</strong></span> <span class='ocrx_word' id='word_1_169' title='bbox 633 3225 764 3301; x_wconf 74' lang='lat' dir='ltr'><strong>legendos</strong></span> <span class='ocrx_word' id='word_1_170' title='bbox 777 3226 958 3301; x_wconf 71' lang='lat' dir='ltr'><strong>apocryphos.</strong></span> 
     </span>
    </p>

    <p class='ocr_par' dir='ltr' id='par_1_5' title="bbox 196 3316 1266 3662">
     <span class='ocr_line' id='line_1_25' title="bbox 196 3316 1266 3394; baseline -0.001 -21"><span class='ocrx_word' id='word_1_171' title='bbox 196 3356 199 3367; x_wconf 84' lang='lat'><em>.</em></span> <span class='ocrx_word' id='word_1_172' title='bbox 231 3318 271 3392; x_wconf 87' lang='grc' dir='ltr'><strong>(ι)</strong></span> <span class='ocrx_word' id='word_1_173' title='bbox 290 3317 339 3375; x_wconf 88' lang='lat' dir='ltr'><strong>Oa</strong></span> <span class='ocrx_word' id='word_1_174' title='bbox 352 3318 473 3394; x_wconf 77' lang='lat' dir='ltr'><strong>scitque</strong></span> <span class='ocrx_word' id='word_1_175' title='bbox 487 3334 533 3374; x_wconf 86' lang='lat' dir='ltr'><strong>ces</strong></span> <span class='ocrx_word' id='word_1_176' title='bbox 545 3319 630 3375; x_wconf 78' lang='lat' dir='ltr'><strong>recita</strong></span> <span class='ocrx_word' id='word_1_177' title='bbox 645 3317 680 3374; x_wconf 89' lang='lat' dir='ltr'><strong>de</strong></span> <span class='ocrx_word' id='word_1_178' title='bbox 694 3318 779 3374; x_wconf 81' lang='lat' dir='ltr'><strong>saints</strong></span> <span class='ocrx_word' id='word_1_179' title='bbox 793 3319 843 3394; x_wconf 87' lang='lat' dir='ltr'><strong>qui</strong></span> <span class='ocrx_word' id='word_1_180' title='bbox 857 3327 971 3391; x_wconf 87' lang='lat' dir='ltr'><strong>portent</strong></span> <span class='ocrx_word' id='word_1_181' title='bbox 980 3316 1056 3372; x_wconf 85' lang='lat' dir='ltr'><strong>leurs</strong></span> <span class='ocrx_word' id='word_1_182' title='bbox 1073 3316 1143 3372; x_wconf 67' lang='lat' dir='ltr'><strong>tetes</strong></span> <span class='ocrx_word' id='word_1_183' title='bbox 1154 3334 1190 3372; x_wconf 87' lang='lat' dir='ltr'><strong>ae</strong></span> <span class='ocrx_word' id='word_1_184' title='bbox 1202 3327 1266 3372; x_wconf 89' lang='lat' dir='ltr'><strong>sont</strong></span> 
     </span>
     <span class='ocr_line' id='line_1_26' title="bbox 196 3403 1266 3482; baseline -0.004 -19"><span class='ocrx_word' id='word_1_185' title='bbox 196 3406 295 3463; x_wconf 76' lang='lat' dir='ltr'><strong>londes</strong></span> <span class='ocrx_word' id='word_1_186' title='bbox 309 3425 365 3482; x_wconf 89' lang='lat' dir='ltr'><strong>que</strong></span> <span class='ocrx_word' id='word_1_187' title='bbox 386 3424 435 3462; x_wconf 87' lang='lat' dir='ltr'><strong>sur</strong></span> <span class='ocrx_word' id='word_1_188' title='bbox 453 3407 501 3463; x_wconf 86' lang='lat' dir='ltr'><strong>des</strong></span> <span class='ocrx_word' id='word_1_189' title='bbox 516 3407 622 3481; x_wconf 75' lang='lat' dir='ltr'><strong>images</strong></span> <span class='ocrx_word' id='word_1_190' title='bbox 642 3406 780 3463; x_wconf 77' lang='lat' dir='ltr'><strong>destindes</strong></span> <span class='ocrx_word' id='word_1_191' title='bbox 797 3405 962 3481; x_wconf 71' lang='lat' dir='ltr'><strong>tinffiquer</strong></span> <span class='ocrx_word' id='word_1_192' title='bbox 979 3423 1033 3461; x_wconf 84' lang='lat' dir='ltr'><strong>aux</strong></span> <span class='ocrx_word' id='word_1_193' title='bbox 1051 3404 1145 3475; x_wconf 70' lang='lat' dir='ltr'><strong>fideles</strong></span> <span class='ocrx_word' id='word_1_194' title='bbox 1161 3403 1266 3460; x_wconf 71' lang='lat' dir='ltr'><strong>illetres</strong></span> 
     </span>
     <span class='ocr_line' id='line_1_27' title="bbox 196 3493 1265 3573; baseline -0.001 -21"><span class='ocrx_word' id='word_1_195' title='bbox 196 3496 223 3553; x_wconf 84' lang='lat' dir='ltr'><strong>le</strong></span> <span class='ocrx_word' id='word_1_196' title='bbox 236 3515 322 3573; x_wconf 75' lang='lat' dir='ltr'><strong>genre</strong></span> <span class='ocrx_word' id='word_1_197' title='bbox 333 3497 370 3553; x_wconf 92' lang='lat' dir='ltr'><strong>de</strong></span> <span class='ocrx_word' id='word_1_198' title='bbox 388 3497 450 3554; x_wconf 88' lang='lat' dir='ltr'><strong>leur</strong></span> <span class='ocrx_word' id='word_1_199' title='bbox 466 3507 603 3571; x_wconf 76' lang='lat' dir='ltr'><strong>martyre,</strong></span> <span class='ocrx_word' id='word_1_200' title='bbox 619 3507 648 3554; x_wconf 89' lang='lat' dir='ltr'><strong>et</strong></span> <span class='ocrx_word' id='word_1_201' title='bbox 662 3498 712 3572; x_wconf 87' lang='lat' dir='ltr'><strong>qui</strong></span> <span class='ocrx_word' id='word_1_202' title='bbox 723 3497 820 3553; x_wconf 80' lang='lat' dir='ltr'><strong>iurent</strong></span> <span class='ocrx_word' id='word_1_203' title='bbox 831 3496 918 3571; x_wconf 86' lang='lat' dir='ltr'><strong>prises</strong></span> <span class='ocrx_word' id='word_1_204' title='bbox 931 3499 947 3551; x_wconf 76' lang='lat' dir='ltr'><strong>a</strong></span> <span class='ocrx_word' id='word_1_205' title='bbox 963 3495 991 3551; x_wconf 86' lang='lat' dir='ltr'><strong>la</strong></span> <span class='ocrx_word' id='word_1_206' title='bbox 1003 3494 1085 3551; x_wconf 88' lang='lat' dir='ltr'><strong>lettre</strong></span> <span class='ocrx_word' id='word_1_207' title='bbox 1098 3512 1149 3568; x_wconf 87' lang='lat' dir='ltr'><strong>par</strong></span> <span class='ocrx_word' id='word_1_208' title='bbox 1160 3493 1199 3550; x_wconf 86' lang='grc' dir='ltr'><strong>Ιεε</strong></span> <span class='ocrx_word' id='word_1_209' title='bbox 1217 3498 1265 3568; x_wconf 74' lang='lat' dir='ltr'><strong>ge-</strong></span> 
     </span>
     <span class='ocr_line' id='line_1_28' title="bbox 196 3588 543 3662; baseline 0 -19"><span class='ocrx_word' id='word_1_210' title='bbox 196 3588 338 3644; x_wconf 69' lang='lat' dir='ltr'><strong>nerations</strong></span> <span class='ocrx_word' id='word_1_211' title='bbox 350 3589 543 3662; x_wconf 74' lang='lat' dir='ltr'><strong>posterieures.</strong></span> 
     </span>
    </p>

    <p class='ocr_par' dir='ltr' id='par_1_6' title="bbox 198 3673 1268 3924">
     <span class='ocr_line' id='line_1_29' title="bbox 232 3673 1268 3752; baseline -0.003 -19"><span class='ocrx_word' id='word_1_212' title='bbox 232 3680 274 3749; x_wconf 80' lang='lat' dir='ltr'><strong>(a)</strong></span> <span class='ocrx_word' id='word_1_213' title='bbox 291 3678 373 3736; x_wconf 77' lang='lat' dir='ltr'><strong>cette</strong></span> <span class='ocrx_word' id='word_1_214' title='bbox 382 3679 550 3752; x_wconf 76' lang='lat' dir='ltr'><strong>etymologis</strong></span> <span class='ocrx_word' id='word_1_215' title='bbox 565 3678 636 3734; x_wconf 85' lang='lat' dir='ltr'><strong>n&#39;est</strong></span> <span class='ocrx_word' id='word_1_216' title='bbox 645 3694 695 3751; x_wconf 81' lang='lat' dir='ltr'><strong>pas</strong></span> <span class='ocrx_word' id='word_1_217' title='bbox 708 3676 771 3751; x_wconf 85' lang='lat' dir='ltr'><strong>plus</strong></span> <span class='ocrx_word' id='word_1_218' title='bbox 784 3677 923 3733; x_wconf 85' lang='lat' dir='ltr'><strong>heureuse</strong></span> <span class='ocrx_word' id='word_1_219' title='bbox 936 3693 991 3751; x_wconf 88' lang='lat' dir='ltr'><strong>que</strong></span> <span class='ocrx_word' id='word_1_220' title='bbox 1002 3673 1216 3749; x_wconf 69' lang='lat' dir='ltr'><strong>taprtotdente.</strong></span> <span class='ocrx_word' id='word_1_221' title='bbox 1230 3676 1268 3730; x_wconf 84' lang='lat' dir='ltr'><strong>Le</strong></span> 
     </span>
     <span class='ocr_line' id='line_1_30' title="bbox 198 3761 1266 3841; baseline -0.003 -20"><span class='ocrx_word' id='word_1_222' title='bbox 198 3782 266 3821; x_wconf 87' lang='lat' dir='ltr'><strong>nom</strong></span> <span class='ocrx_word' id='word_1_223' title='bbox 287 3765 410 3840; x_wconf 82' lang='lat' dir='ltr'><strong>primitis</strong></span> <span class='ocrx_word' id='word_1_224' title='bbox 427 3765 463 3822; x_wconf 90' lang='lat' dir='ltr'><strong>dc</strong></span> <span class='ocrx_word' id='word_1_225' title='bbox 481 3766 573 3836; x_wconf 72' lang='lat' dir='ltr'><strong>Geni,</strong></span> <span class='ocrx_word' id='word_1_226' title='bbox 598 3783 654 3841; x_wconf 88' lang='lat' dir='ltr'><strong>que</strong></span> <span class='ocrx_word' id='word_1_227' title='bbox 675 3783 747 3822; x_wconf 87' lang='lat' dir='ltr'><strong>nous</strong></span> <span class='ocrx_word' id='word_1_228' title='bbox 766 3765 945 3822; x_wconf 70' lang='lat' dir='ltr'><strong>conuainons</strong></span> <span class='ocrx_word' id='word_1_229' title='bbox 966 3782 1018 3838; x_wconf 82' lang='lat' dir='ltr'><strong>par</strong></span> <span class='ocrx_word' id='word_1_230' title='bbox 1038 3781 1094 3819; x_wconf 86' lang='lat' dir='ltr'><strong>ane</strong></span> <span class='ocrx_word' id='word_1_231' title='bbox 1116 3762 1213 3819; x_wconf 84' lang='lat' dir='ltr'><strong>charte</strong></span> <span class='ocrx_word' id='word_1_232' title='bbox 1231 3761 1266 3818; x_wconf 84' lang='lat' dir='ltr'><strong>de</strong></span> 
     </span>
     <span class='ocr_line' id='line_1_31' title="bbox 198 3853 763 3924; baseline 0.004 -15"><span class='ocrx_word' id='word_1_233' title='bbox 198 3853 496 3924; x_wconf 65' lang='lat' dir='ltr'><strong>charla-le-Cbauve,</strong></span> <span class='ocrx_word' id='word_1_234' title='bbox 511 3867 554 3913; x_wconf 91' lang='grc' dir='ltr'><strong>εει</strong></span> <span class='ocrx_word' id='word_1_235' title='bbox 571 3855 763 3912; x_wconf 79' lang='lat' dir='ltr'><strong>Wadt&#39;niacus.</strong></span> 
     </span>
    </p>

    <p class='ocr_par' dir='ltr' id='par_1_7' title="bbox 233 3931 574 4015">
     <span class='ocr_line' id='line_1_32' title="bbox 233 3931 574 4015; baseline 0.006 -16"><span class='ocrx_word' id='word_1_236' title='bbox 233 3939 273 4015; x_wconf 78' lang='lat'><strong>(3)</strong></span> <span class='ocrx_word' id='word_1_237' title='bbox 292 3931 410 4000; x_wconf 74' lang='lat' dir='ltr'><strong>Errcnx.</strong></span> <span class='ocrx_word' id='word_1_238' title='bbox 420 3975 457 3988; x_wconf 95' lang='lat'>-</span> <span class='ocrx_word' id='word_1_239' title='bbox 469 3945 574 4001; x_wconf 85' lang='lat' dir='ltr'><strong>L’lton.</strong></span> 
     </span>
    </p>

    <p class='ocr_par' dir='ltr' id='par_1_8' title="bbox 199 4030 1270 4286">
     <span class='ocr_line' id='line_1_33' title="bbox 234 4030 1269 4110; baseline -0.005 -20"><span class='ocrx_word' id='word_1_240' title='bbox 234 4032 275 4106; x_wconf 70' lang='lat'><strong>(4)</strong></span> <span class='ocrx_word' id='word_1_241' title='bbox 293 4035 567 4109; x_wconf 75' lang='lat' dir='ltr'><strong>Mottiredugrecet</strong></span> <span class='ocrx_word' id='word_1_242' title='bbox 574 4053 726 4110; x_wconf 83' lang='lat' dir='ltr'><strong>synonyme</strong></span> <span class='ocrx_word' id='word_1_243' title='bbox 732 4034 768 4090; x_wconf 91' lang='lat' dir='ltr'><strong>de</strong></span> <span class='ocrx_word' id='word_1_244' title='bbox 774 4032 1098 4090; x_wconf 74' lang='lat' dir='ltr'><strong>beatusebienbeurcnx.</strong></span> <span class='ocrx_word' id='word_1_245' title='bbox 1108 4030 1269 4104; x_wconf 73' lang='lat' dir='ltr'><strong>lalegcnde</strong></span> 
     </span>
     <span class='ocr_line' id='line_1_34' title="bbox 199 4120 1270 4198; baseline -0.002 -20"><span class='ocrx_word' id='word_1_246' title='bbox 199 4121 286 4196; x_wconf 85' lang='lat' dir='ltr'><strong>qu&#39;on</strong></span> <span class='ocrx_word' id='word_1_247' title='bbox 294 4140 326 4178; x_wconf 82' lang='lat' dir='ltr'><strong>va</strong></span> <span class='ocrx_word' id='word_1_248' title='bbox 333 4122 396 4194; x_wconf 85' lang='lat' dir='ltr'><strong>lire,</strong></span> <span class='ocrx_word' id='word_1_249' title='bbox 405 4134 434 4181; x_wconf 86' lang='lat' dir='ltr'><strong>et</strong></span> <span class='ocrx_word' id='word_1_250' title='bbox 443 4125 492 4198; x_wconf 88' lang='lat' dir='ltr'><strong>qui</strong></span> <span class='ocrx_word' id='word_1_251' title='bbox 502 4135 544 4180; x_wconf 84' lang='lat' dir='ltr'><strong>cst</strong></span> <span class='ocrx_word' id='word_1_252' title='bbox 553 4143 593 4181; x_wconf 84' lang='lat' dir='ltr'><strong>aa</strong></span> <span class='ocrx_word' id='word_1_253' title='bbox 601 4125 781 4182; x_wconf 79' lang='lat' dir='ltr'><strong>eatraitassea</strong></span> <span class='ocrx_word' id='word_1_254' title='bbox 788 4123 870 4181; x_wconf 68' lang='lat' dir='ltr'><strong>fidele</strong></span> <span class='ocrx_word' id='word_1_255' title='bbox 878 4122 914 4180; x_wconf 86' lang='lat' dir='ltr'><strong>de</strong></span> <span class='ocrx_word' id='word_1_256' title='bbox 923 4121 991 4179; x_wconf 86' lang='lat' dir='ltr'><strong>celle</strong></span> <span class='ocrx_word' id='word_1_257' title='bbox 1003 4122 1088 4197; x_wconf 89' lang='lat' dir='ltr'><strong>qu&#39;on</strong></span> <span class='ocrx_word' id='word_1_258' title='bbox 1098 4131 1195 4178; x_wconf 74' lang='lat' dir='ltr'><strong>unave</strong></span> <span class='ocrx_word' id='word_1_259' title='bbox 1202 4120 1270 4176; x_wconf 82' lang='lat' dir='ltr'><strong>dans</strong></span> 
     </span>
     <span class='ocr_line' id='line_1_35' title="bbox 199 4209 1269 4286; baseline -0.007 -15"><span class='ocrx_word' id='word_1_260' title='bbox 199 4209 228 4271; x_wconf 75' lang='lat' dir='ltr'><strong>le</strong></span> <span class='ocrx_word' id='word_1_261' title='bbox 240 4212 344 4269; x_wconf 72' lang='lat' dir='ltr'><strong>recueil</strong></span> <span class='ocrx_word' id='word_1_262' title='bbox 355 4211 404 4269; x_wconf 86' lang='lat' dir='ltr'><strong>dos</strong></span> <span class='ocrx_word' id='word_1_263' title='bbox 421 4213 602 4271; x_wconf 85' lang='lat' dir='ltr'><strong>Bollandistes</strong></span> <span class='ocrx_word' id='word_1_264' title='bbox 613 4216 624 4286; x_wconf 86' lang='lat'>(</span> <span class='ocrx_word' id='word_1_265' title='bbox 630 4225 705 4271; x_wconf 89' lang='lat' dir='ltr'><strong>tomo</strong></span> <span class='ocrx_word' id='word_1_266' title='bbox 718 4232 737 4269; x_wconf 89' lang='lat' dir='ltr'><strong>u</strong></span> <span class='ocrx_word' id='word_1_267' title='bbox 749 4212 874 4284; x_wconf 81' lang='lat' dir='ltr'><strong>d’aoiat),</strong></span> <span class='ocrx_word' id='word_1_268' title='bbox 889 4231 905 4268; x_wconf 85' lang='lat' dir='ltr'><strong>a</strong></span> <span class='ocrx_word' id='word_1_269' title='bbox 917 4214 962 4268; x_wconf 70' lang='lat' dir='ltr'><strong>ete</strong></span> <span class='ocrx_word' id='word_1_270' title='bbox 971 4210 1046 4284; x_wconf 73' lang='lat' dir='ltr'><strong>jetec</strong></span> <span class='ocrx_word' id='word_1_271' title='bbox 1058 4209 1128 4267; x_wconf 83' lang='lat' dir='ltr'><strong>dans</strong></span> <span class='ocrx_word' id='word_1_272' title='bbox 1139 4209 1166 4267; x_wconf 87' lang='grc' dir='ltr'><strong>Ιε</strong></span> <span class='ocrx_word' id='word_1_273' title='bbox 1179 4209 1269 4264; x_wconf 67' lang='lat' dir='ltr'><strong>meme</strong></span> 
     </span>
    </p>
   </div>
   <div class='ocr_carea' id='block_1_4' title="bbox 0 0 1477 4980">
    <p class='ocr_par' dir='ltr' id='par_1_9' title="bbox 0 0 1477 4980">
     <span class='ocr_line' id='line_1_36' title="bbox 0 0 1477 4980; baseline 0 0"><span class='ocrx_word' id='word_1_274' title='bbox 0 0 1477 4980; x_wconf 95' lang='lat' dir='ltr'><strong> </strong></span> 
     </span>
    </p>
   </div>
  </div>
 </body>
</html>
