2926 4980
196 389 255 449 262
471 384 654 446 HISTORIA
677 384 983 448 nectentis'slcs.
1156 391 1267 470 [107⁴]

195 509 252 579 nis
275 505 478 607 supplicio,
505 532 573 577 nec
589 505 682 579 coelo
702 533 770 579 nec
793 523 890 578 terru
908 506 1036 606 digni,
1056 510 1267 611 semetipsos

188 638 430 725 peremerunt.
451 623 616 721 Anglicu
632 622 694 694 ter
708 624 843 722 capitis
858 623 1134 696 obtruncatione
1150 624 1265 699 trudi·

195 756 306 812 torem
331 737 503 828 mulctat,
528 764 739 839 omnemque
755 741 969 839 progeniem
997 741 1079 840 ejus
1100 743 1269 816 naturali

195 855 407 930 hereditate
419 861 564 931 omnino
573 859 711 958 privat.
727 856 836 929 Absit
852 874 891 928 ut
904 882 987 929 mea
1002 857 1175 932 nobilitas
1190 886 1268 932 mu-

196 974 337 1047 culetur
348 973 559 1074 proditione
576 970 721 1071 nffurt'ss
728 1029 742 1062 ,
761 989 796 1045 et
812 974 861 1046 de
882 1000 939 1045 me
960 991 1036 1046 tum
1058 978 1176 1076 turpis
1198 1003 1270 1078 per

197 1089 319 1163 orbem
327 1089 538 1192 publicetur
549 1092 721 1189 infirmia.
736 1089 918 1163 Dominus
932 1091 1051 1182 Deus,
1067 1093 1132 1192 qui
1146 1093 1269 1167 Dant

196 1207 244 1279 de
259 1233 375 1280 manu
395 1206 517 1280 Goliae
534 1223 569 1279 et
586 1206 733 1295 Sutilis,
754 1205 952 1280 Adodezer
964 1209 1018 1307 (r)
1036 1226 1070 1280 ct
1088 1209 1269 1283 Absulorn

191 1341 359 1424 potenter
374 1324 557 1412 liberavit,
583 1350 638 1397 me
659 1349 803 1424 quoque
823 1325 872 1397 de
891 1324 1014 1398 multis
1028 1326 1208 1428 periculis
1230 1329 1268 1398 in

196 1445 294 1515 muri
316 1459 351 1514 et
376 1445 415 1514 in
439 1440 550 1515 arida
573 1444 734 1541 gratuito
761 1444 906 1542 eripuit.
933 1445 1018 1544 Ipsi
1038 1443 1273 1538 mcfideliter

198 1558 429 1648 commendo,
453 1573 488 1629 et
506 1561 545 1630 in
562 1560 643 1656 ipso
654 1557 886 1655 fiducialiter
900 1584 1006 1660 spero
1031 1560 1132 1658 quod
1152 1558 1271 1632 trudi-

198 1677 333 1748 tionem
352 1679 390 1745 in
407 1676 488 1747 vito
505 1700 588 1746 ntea
603 1700 677 1746 non
686 1670 861 1772 suorum,
880 1701 948 1746 neo
967 1675 1098 1774 angelo
1116 1675 1272 1748 Satunoe

198 1792 329 1865 similis
347 1791 485 1890 efficim
496 1819 568 1895 per
583 1798 825 1892 apostasium.

249 1909 424 1983 Radullus
441 1910 552 2009 igitur
567 1910 671 1983 Brito
682 1925 789 2009 ats1ue
805 1911 979 2009 Rogerius
993 1909 1070 1983 haec
1086 1910 1272 1984 audientes

205 2025 304 2101 valde
320 2027 524 2101 contristati
543 2041 646 2115 sunt,
672 2052 828 2126 eumque
848 2028 1098 2124 conjuratione
1115 2025 1272 2100 terribili

203 2171 249 2217 ne
272 2144 464 2217 consilium
489 2169 617 2219 eorum
639 2142 819 2244 detegeret
841 2144 1154 2217 constrinxerunt.
1187 2143 1272 2218 Nou

204 2261 322 2336 multo
350 2276 434 2360 post
462 2265 649 2361 conjurata
681 2261 832 2335 rebellio
855 2287 920 2360 per
945 2261 1109 2361 regiones
1133 2260 1274 2363 Angliae

205 2378 327 2451 subito
342 2379 483 2478 erupit,
509 2393 547 2453 et
562 2378 750 2452 manifesta
767 2378 1008 2452 contradictio
1025 2393 1153 2451 contra
1174 2404 1273 2479 rega·

207 2495 257 2569 les
272 2495 458 2568 ministros
475 2495 545 2569 late
557 2496 742 2594 processit.
753 2494 969 2568 Guillelmus
982 2496 1104 2596 itaque
1117 2493 1161 2569 de
1173 2493 1276 2568 Gua-

207 2637 321 2684 renna
346 2626 383 2685 et
404 2609 575 2685 Ricardus
596 2609 640 2685 de
656 2609 844 2685 Benefacta
864 2611 941 2708 (a),
966 2609 1060 2682 filius
1083 2608 1276 2684 Gisleberti

209 2727 372 2815 comitis,
392 2752 483 2826 quos
499 2754 563 2802 rex
576 2728 778 2826 praecipuos
797 2725 936 2825 Angliae
950 2726 1163 2824 justitiarios
1183 2751 1277 2800 con·

209 2843 374 2916 stituerat
395 2843 434 2913 in
450 2844 554 2943 regui
573 2844 748 2943 negotiis,
771 2841 985 2915 rebellantes
1005 2858 1210 2917 convocant
1232 2840 1277 2915 ad

211 2958 349 3030 curiam
365 2959 470 3056 regis.
495 2958 551 3030 Illi
574 2984 661 3032 vero
678 2959 867 3058 praeceptis
885 2984 1013 3032 eorum
1034 2957 1278 3033 obsecundare

212 3089 474 3163 contemnunt5
499 3074 560 3149 sed
585 3077 803 3175 proterviam
826 3075 995 3174 prosequi
1023 3089 1214 3163 conantes,
1240 3075 1277 3147 in

212 3192 331 3292 regios
343 3191 511 3267 satellites
527 3192 683 3290 praeliari
697 3191 848 3292 eligunt.
864 3190 940 3264 Nec
950 3216 1051 3264 mora
1065 3189 1281 3264 Guillelmus

214 3323 250 3383 et
268 3307 440 3381 Ricardus
458 3309 655 3385 exercitum
674 3308 815 3409 Angliae
836 3308 1056 3395 coadunant,
1078 3308 1281 3407 acriterque

215 3441 342 3500 contra
356 3425 542 3502 seditiosos
558 3427 595 3501 in
611 3451 737 3525 campo
746 3479 758 3515 ,
773 3426 835 3526 qui
851 3424 1037 3525 Fagaduna
1052 3424 1187 3498 dicitur
1205 3427 1222 3523 (
1245 3424 1277 3522 ),

213 3544 399 3617 dimicant.
431 3540 621 3617 Obstantes
652 3566 738 3616 vero
771 3543 836 3617 Dei
864 3543 998 3614 virtute
1021 3557 1212 3641 superant,
1243 3554 1281 3614 et

250 3881 289 3950 (i)
308 3879 382 3932 Lisez
398 3901 402 3930 ;
419 3877 571 3932 Adorezer.

251 3984 289 4053 (a)
308 3980 431 4036 llicbard
444 3979 478 4033 ‹te
492 3979 635 4044 Bienlaitc,
649 3981 711 4051 pres
723 3977 825 4045 Orbus,
837 3978 909 4031 frere
918 3975 953 4030 dc
965 3975 1107 4030 Beudouin
1117 3974 1152 4028 de
1166 3973 1281 4029 illeules.

252 4081 290 4154 (3)
309 4081 520 4138 Probablement
535 4081 668 4135 Beecliam
680 4078 942 4147 oubecchssniwcll,
959 4080 1021 4151 pris
1034 4073 1199 4146 scafilum,
1214 4074 1284 4130 dans

217 4176 241 4228 lr
255 4177 346 4229 comte
357 4172 392 4227 de
407 4171 531 4227 Norlolls.
