2910 4980
551 144 668 209 LIBER
688 144 867 207 TERTIUS.
1184 149 1239 208 161

178 268 289 372 gratis
305 262 439 361 indidi,
450 282 500 341 nt
523 269 610 342 istos
625 267 771 343 codices·
780 266 873 340 avidi
889 265 1041 342 lectores
1059 267 1246 368 inquirant

161 384 271 487 sibi,
293 384 379 487 qnia
400 408 572 483 magnum
592 384 775 483 sapientise
796 381 958 456 fructum
976 381 1101 457 serunt
1126 398 1164 457 et
1186 384 1247 456 vix

179 501 336 577 inveniri
362 516 526 601 possunt.
558 500 590 572 A
616 499 800 574 modernis
831 501 928 574 enim
957 500 1042 573 editi
1073 514 1180 589 sunt,
1210 516 1247 575 et

179 615 297 690 adhuc
313 617 445 716 passim
459 642 525 715 per
540 615 667 690 orbem
684 615 803 690 diffusi
826 641 901 689 non
922 631 1020 689 sunt.
1037 615 1161 689 Unum
1180 634 1248 690 'eo-

160 759 263 806 rnm
279 733 471 833 Wigornae
491 733 563 806 ridi
588 735 631 806 in
643 732 793 833 Angla,
816 749 854 806 et
876 733 1031 807 altorum
1055 733 1248 808 Gameraco

176 854 217 924 in
239 850 485 952 lotharingia.
509 851 749 924 familiariter
768 849 926 924 ostendit
948 849 1020 922 illic
1047 849 1135 922 mihi
1162 846 1249 924 Ful-

175 966 304 1041 bertus
319 967 478 1066 prudens
495 964 603 1039 abbas
619 965 779 1041 coenobii
798 967 918 1038 Sancti
941 964 1127 1064 Sepulcri,
1149 964 1249 1066 qnod

177 1086 217 1156 in
241 1082 513 1183 septentrionali
543 1099 644 1183 parte
671 1083 852 1156 Cameraci
880 1081 1000 1155 studio
1032 1081 1248 1156 aedificatum

175 1216 233 1274 est
251 1226 293 1272 ac
314 1198 518 1299 sumptibus
535 1198 673 1274 Liberti
695 1198 852 1298 ejusdem
878 1197 979 1271 urbis
1000 1199 1158 1297 episcopi
1172 1200 1247 1297 (1),

172 1315 242 1389 nbi
260 1316 356 1392 idem
376 1317 507 1416 praesul
526 1315 725 1392 honorilice
742 1318 875 1390 meruit
893 1316 1049 1416 sepeliri.

229 1429 289 1504 Ad
296 1432 459 1532 requiem
464 1434 540 1530 jam
549 1431 661 1506 fessus
671 1430 801 1506 anhelo
808 1487 821 1522 ,
836 1447 873 1506 et
882 1431 1125 1506 ecclesiastice
1137 1428 1262 1508 histoss

168 1551 261 1639 riae,
279 1549 449 1649 quamde
466 1549 777 1647 contemporaneis
794 1564 830 1622 et
846 1548 1096 1623 collimitaneis
1112 1550 1249 1649 princi-

166 1665 286 1766 pibus
306 1681 414 1767 atque
429 1664 613 1740 didascalis
626 1668 743 1741 veraci
762 1666 968 1765 deprompsi
989 1666 1148 1756 calamo,
1169 1669 1251 1767 pri-

168 1807 281 1855 mum
297 1778 463 1856 libellum
480 1780 539 1854 hic
556 1782 750 1855 terminare
767 1780 935 1881 dispono.
955 1783 999 1852 ln
1016 1779 1249 1881 sequentibus

165 1924 266 1974 vero
294 1899 400 1972 latius
423 1898 469 1973 de
492 1925 575 2000 rege
598 1899 799 1974 Guillermo
823 1898 1014 1988 disseram,
1032 1898 1250 2000 miserasque

166 2017 397 2091 mutationes
422 2017 628 2116 Anglomm
650 2032 687 2090 et
705 2016 1006 2093 Normannorum
1025 2017 1102 2090 sine
1124 2015 1251 2090 adula-

165 2135 280 2211 tione
302 2133 478 2224 referam,
511 2134 647 2208 nullius
675 2134 978 2210 remunerationis
1002 2160 1021 2205 a
1050 2132 1251 2208 victoribus

165 2276 239 2327 seu
253 2251 359 2325 victis
375 2267 544 2352 expetens
561 2250 891 2327 honorificentiam.

165 2523 326 2599 hisisfim‘t,
340 2544 428 2599 usque
438 2526 479 2582 ad
490 2547 595 2582 annum
608 2526 713 2582 Christi
727 2543 806 2596 run,
820 2544 876 2601 que
887 2526 927 2582 les
935 2525 1075 2582 additions
1086 2536 1115 2581 et
1123 2526 1148 2581 la
1157 2529 1248 2582 conti-

162 2612 295 2668 nuation
306 2612 436 2688 jusqu’en
456 2613 523 2669 1206
538 2633 589 2688 por
607 2614 715 2671 Robert
724 2615 760 2671 de
775 2615 910 2688 Torigni,
924 2613 996 2670 abbe
1012 2613 1051 2668 du
1063 2624 1143 2668 mont
1154 2613 1248 2671 Saint-

164 2697 296 2769 nichel,
310 2709 361 2755 ont
369 2701 459 2756 rendu
467 2704 525 2758 tres
533 2702 603 2758 utile
614 2701 742 2758 al'etnde
752 2702 787 2758 de
799 2701 935 2758 l'histoire
944 2700 980 2757 de
992 2701 1175 2757 Nonnandie.

211 2789 251 2860 (r)
276 2788 400 2845 Lictbert
413 2789 516 2866 &voque
537 2790 572 2846 de
584 2791 729 2860 Cambrai,
749 2791 897 2848 londateur
911 2791 946 2846 de
959 2789 1081 2863 l'nbbaye
1095 2789 1134 2845 du
1152 2791 1245 2847 Saint-

166 2857 310 2931 sepulcre
321 2878 357 2914 en
374 2859 450 2927 1064.
