2910 4980
191 408 252 468 360
467 405 649 467 HISTORIA
672 405 977 467 ECCLFSIASTICA.

193 541 297 598 nccc⁰
328 533 414 598 txx⁰
443 541 494 597 vr’
519 525 624 598 Rollo
653 552 736 598 cum
763 528 835 598 suis
863 526 1066 600 Naustriam
1092 543 1252 626 penetra·

193 645 267 732 vit,
289 657 326 715 et
342 669 407 741 per
424 667 538 715 annos
557 667 634 714 xxx
657 642 810 715 Galliam
830 641 953 732 bellis,
976 644 1114 742 rapinis
1137 659 1175 717 et
1198 645 1253 717 in·

194 757 328 833 cendiis
358 757 552 833 admodum
578 758 714 831 afflixit.
746 758 882 832 Contra
907 759 1104 833 Ricardum
1128 758 1254 834 dnoem

193 875 497 977 Burgundionum
530 893 566 950 et
591 876 746 950 Ebalum
777 877 1065 964 Pictavensium,
1098 876 1254 979 aliasque

191 994 373 1095 principes
384 993 582 1067 Galliarum
594 995 779 1094 pugnavit,
797 993 1004 1094 crebrisque
1016 995 1180 1069 victoriis
1189 995 1253 1068 ela·

192 1124 265 1200 tus,
278 1108 391 1181 multa
401 1107 616 1182 detrimenta
627 1108 851 1183 Christicolis
862 1107 1007 1182 inflixit.
1021 1109 1188 1210 Denique
1197 1111 1255 1182 Ca·

192 1226 292 1300 rolus
305 1226 464 1325 Simplex
477 1226 572 1299 filius
584 1226 756 1299 Ludovici
771 1224 955 1300 Nihilfecit
967 1228 1037 1325 (ι),
1051 1251 1128 1300 non
1139 1226 1254 1300 serens

193 1369 359 1442 guerram
371 1342 549 1431 Rollonis,
561 1370 685 1443 pacem
696 1370 779 1416 cum
790 1370 833 1417 eo
842 1343 943 1432 fecit,
954 1342 1092 1415 Gislam
1105 1345 1138 1416 ei
1149 1342 1254 1416 filiam

194 1486 295 1533 suam
321 1464 511 1560 conjugem
538 1459 654 1549 dedit,
684 1476 721 1533 et
749 1460 954 1535 Neustriam
983 1462 1159 1535 concessit
1188 1462 1252 1559 ().

195 1577 300 1648 Tunc
318 1575 518 1648 Alexander
534 1591 569 1649 et
586 1576 844 1648 Constantinus
860 1603 943 1648 cum
958 1593 1072 1649 matre
1088 1603 1150 1648 sua
1167 1577 1253 1665 Zac,

196 1708 232 1767 et
245 1694 428 1765 Romanus
440 1691 672 1766 Armeniacus
689 1694 838 1793 Augusti
853 1694 1170 1792 Constantinopoli
1184 1721 1256 1795 reg-

196 1837 338 1884 navare.

196 1982 238 2044 Aa.
336 1978 435 2033 Sedem
449 1979 768 2052 pontilicisGunlsardus
779 1982 807 2035 in
820 1981 919 2036 ordine
929 1983 1059 2055 sumpsit,

336 2069 420 2124 Utilis
433 2071 462 2123 in
471 2069 589 2142 populo,
604 2069 726 2143 prudens
739 2088 850 2144 quoque
860 2071 1020 2126 consiliator
1029 2068 1076 2142 (ὅ).

198 2227 265 2298 llic
281 2252 384 2299 xxnn
401 2230 525 2312 annis,
542 2243 704 2329 tempore
723 2229 875 2302 Romani
893 2230 1096 2302 Armeniaci
1113 2228 1259 2329 Augusti

197 2357 234 2414 et
250 2339 493 2428 Constantini,
510 2340 651 2414 claruit.
669 2344 774 2414 Tunc
791 2345 828 2414 in
845 2344 958 2416 Gallia
972 2342 1180 2417 Radbertus
1192 2343 1259 2416 dux

197 2458 356 2531 diadema
386 2456 454 2529 sibi
484 2459 697 2557 assumpsit,
729 2475 855 2532 contra
884 2464 992 2560 quem
1022 2458 1173 2533 Carolus
1201 2486 1259 2534 rex

198 2578 325 2652 eodem
344 2603 441 2650 anno
459 2577 652 2677 pugnavit,
672 2594 708 2651 et
725 2581 911 2677 perjurum
937 2578 1138 2664 interfecit3
1159 2580 1258 2678 Ilugo

201 2711 341 2783 nmen,
362 2696 537 2794 perempti
550 2693 651 2766 ducis
663 2693 770 2784 filius,
783 2696 972 2768 victoriam
988 2694 1166 2768 obtinuit.
1182 2696 1259 2768 Non

200 2811 318 2883 multo
331 2825 413 2909 post
426 2809 622 2884 Herbertus
637 2811 808 2884 Parronae
820 2837 958 2900 comes,
975 2812 1136 2912 Hogonis
1146 2812 1261 2911 Magni

201 2928 373 3012 sororius,
390 2953 510 3024 regem
523 2926 608 2999 dolo
620 2927 728 3026 cepit,
745 2928 834 3000 etin
849 2953 989 3000 carcere
1007 2925 1122 2999 tribus
1138 2928 1259 3000 annis:

200 3041 244 3113 ad
254 3057 411 3116 mortem
419 3041 554 3115 scilicet
564 3043 669 3142 regis,
683 3070 766 3115 eum
779 3043 907 3114 tenuit.
920 3041 1120 3116 Ludovicus
1129 3058 1257 3129 autem,

201 3159 296 3232 filius
313 3160 419 3260 regis,
442 3161 478 3231 in
496 3159 663 3259 Angliam
682 3186 765 3231 cum
781 3158 913 3259 Edgiva
932 3175 1046 3232 matre
1067 3186 1129 3230 sua
1153 3157 1258 3232 Edel-

200 3293 343 3351 stanum
359 3278 577 3350 avunculum
588 3304 705 3363 suum,
725 3276 838 3348 filium
854 3275 1011 3349 Eduardi
1025 3277 1192 3364 senioris,
1204 3301 1260 3350 rs·

236 3542 274 3612 (ι)
293 3541 332 3595 Ce
345 3557 486 3594 surnoma
504 3549 617 3594 souvent
630 3541 674 3594 tite'
688 3538 783 3611 inflige
795 3542 810 3592 a
823 3538 1053 3612 Locis-lessegue
1067 3540 1170 3614 parles
1186 3542 1260 3596 chro-

201 3630 334 3703 niqueurs
347 3630 385 3682 du
403 3648 501 3701 moyen
515 3631 574 3700 Age.
596 3629 670 3695 Sive,
693 3629 736 3682 dit
748 3629 874 3695 Aimoin,
896 3628 973 3701 quod
989 3633 1042 3684 vix
1060 3630 1172 3687 duobus
1184 3634 1260 3687 aaa&

202 3739 288 3790 regno
300 3721 416 3791 potitus,
433 3719 504 3772 nilril
515 3729 626 3772 strenue
640 3721 726 3789 gessit
732 3743 740 3779 ,·
755 3721 811 3771 siva
825 3716 903 3790 quad
918 3720 1157 3774 sanctimonialem
1168 3739 1260 3794 quam·

202 3809 276 3877 dam,
288 3811 371 3862 sicuti
380 3828 397 3861 a
410 3808 561 3879 majoribus
572 3810 735 3879 accepimus,
746 3807 820 3861 Kale
833 3810 999 3862 monasteria
1009 3808 1190 3878 abstractam,
1204 3830 1261 3866 caa-

200 3902 276 3973 iagia
290 3901 425 3970 caprulaas
438 3917 499 3961 suo,
512 3909 668 3966 paccatum,
682 3898 758 3972 quod
770 3898 842 3952 niti!
852 3918 911 3952 essa
925 3902 1055 3966 noscitur,
1067 3898 1245 3971 perpetravit.

236 3995 274 4059 (a)
294 3992 346 4045 Sui·
363 4001 453 4044 toutcs
466 4008 509 4044 ces
526 3992 688 4051 assertions,
708 4008 787 4060 noyez
807 4006 856 4042 nos
872 3999 951 4043 notes
969 3988 1006 4041 (ln
1026 3989 1094 4044 livre
1113 4002 1150 4058 ν’,
1170 4011 1197 4064 p.
1219 3989 1256 4045 161

202 4092 225 4128 rt
248 4079 302 4130 sti-2.

236 4167 275 4221 (ἢ
295 4167 444 4222 titustlrard
461 4171 636 4239 [catti-plalz.
