2910 4980
415 336 533 398 uam
554 334 737 413 coiacus.
1052 337 1113 402 us

49 458 154 534 nachi
174 482 287 558 usque
311 457 417 532 bodie
433 471 725 559 permanserunt,
747 455 838 528 etin
866 455 965 528 cultu
986 454 1111 533 divino

50 577 109 675 pie
122 573 386 648 laboraverunt.

100 692 226 765 Petrus
232 707 365 778 autem,
379 689 585 764 Manliensis
591 686 712 777 herus,
722 713 835 786 usque
842 685 886 760 ad
893 704 1113 766 senectutem

51 809 156 896 vixit,
170 823 207 881 et
217 834 273 882 res
286 807 531 898 ecclesiastica,
546 805 761 906 Manliaeque
774 803 956 904 popularis
970 810 1114 902 concio,

52 925 195 1025 dapsilis
203 926 346 1025 patroni
361 924 496 1015 studio,
512 921 700 996 commode
713 921 839 995 crevit.
855 923 886 994 Α
900 921 1066 1024 subjectis
1080 943 1116 1001 et

53 1041 180 1113 vicinis
198 1039 292 1112 idem
305 1039 463 1111 multum
479 1037 679 1126 amabatur,
695 1037 778 1137 quia
796 1038 1023 1137 simplicitate
1039 1069 1116 1114 ma-

54 1158 108 1257 gis
135 1181 244 1256 quam
272 1153 369 1226 vafra
395 1154 586 1227 calliditate
614 1151 832 1225 armabatur.
865 1153 1119 1254 Eleemosynas

55 1271 196 1346 amabat
216 1288 252 1345 et
272 1270 482 1371 frequenter
498 1270 670 1359 faciebat,
690 1269 749 1343 sed
762 1272 897 1370 jejunia
915 1272 1116 1363 metuebat,

56 1408 93 1466 et
103 1404 279 1490 quantum
290 1402 446 1487 poterat,
462 1387 689 1463 abhorrensa
703 1415 740 1461 sc
753 1389 880 1487 procul
894 1389 1116 1467 excludebat.

56 1504 170 1578 Multa
184 1503 288 1576 facile
304 1501 557 1602 promittebat,
577 1518 613 1576 et
625 1503 805 1602 praecipua
819 1503 881 1576 vili
897 1507 1015 1603 pretio
1029 1535 1121 1582 non·

56 1647 244 1722 nunquam
255 1618 485 1694 distrahebat.
501 1619 658 1719 Cupidus
672 1619 779 1692 simul
792 1636 868 1693 erat
881 1647 922 1694 ac
935 1623 1118 1724 prodigus.

58 1738 142 1812 Non
165 1735 312 1810 curabat
332 1735 428 1811 unde
444 1735 512 1809 sibi
534 1737 689 1836 copiosae
708 1736 813 1834 dapes
836 1756 1120 1836 apponerentur,

59 1880 127 1928 nec
143 1851 361 1953 praevidebat
380 1867 503 1925 utrum
524 1852 568 1925 de
584 1853 708 1952 rapina
725 1878 787 1926 seu
808 1852 853 1925 de
866 1856 964 1953 justo
981 1872 1122 1956 quaestu

59 1971 265 2046 necessariae
287 1995 371 2068 opes
395 1969 663 2057 conferrentur,
688 1994 906 2069 rursumque
928 1973 1124 2072 parvipen-

60 2083 167 2160 debat
185 2085 262 2174 cui,
277 2110 507 2186 quocumque
519 2083 631 2159 modo
641 2097 754 2183 partae
762 2136 774 2173 ,
788 2108 844 2156 res
859 2084 1122 2184 ingererentur.

61 2202 256 2303 Nunquam
279 2227 366 2304 ergo
390 2201 523 2274 divitiis
548 2199 756 2274 abundavit.
781 2201 849 2272 Hic
875 2227 917 2275 ex
944 2201 1126 2279 Guindes-

63 2317 166 2392 moth
207 2343 321 2392 uxore
359 2344 419 2389 sua
458 2331 614 2417 quatuor
649 2313 776 2390 habuit
815 2315 907 2391 filios
942 2348 952 2388 ε
992 2319 1127 2394 Ansol-

63 2435 169 2524 dum,
191 2432 435 2521 Tedbaldum,
457 2434 658 2507 Guarinum
684 2447 720 2506 et
744 2430 1004 2524 Guillelmum;
1034 2439 1127 2511 toti·

63 2551 217 2651 demque
237 2549 325 2623 filias
346 2582 354 2622 z
379 2548 613 2638 Hubelinam,
635 2549 917 2652 Eremburgem,
942 2553 1128 2629 Odelinam

64 2686 101 2744 et
116 2668 346 2743 Herseudem.
363 2669 419 2740 Ex
436 2667 491 2740 his
506 2668 678 2741 nimirum
694 2667 794 2767 copia
809 2667 1000 2767 pullulavit
1014 2698 1130 2774 nepo-

66 2805 164 2874 tum,
182 2786 244 2886 qui
262 2784 501 2858 discurrentes
520 2782 723 2856 instabilem
739 2782 909 2857 volubilis
925 2787 1044 2861 saeouli
1066 2816 1130 2862 ro-

66 2919 199 2991 tatum,
213 2903 439 3003 dispensante
450 2904 546 2993 Deo,
560 2926 636 3000 quo
647 2915 823 3000 reguntur
835 2902 975 2994 omnia,
989 2906 1131 2980 varium

66 3021 256 3094 subierunt
278 3035 460 3093 eventum.
483 3017 644 3092 Tandem
669 3019 796 3091 Petrus
822 3020 922 3094 senio
947 3022 1132 3097 conlectus

70 3151 112 3211 11⁰
128 3138 205 3211 idus
217 3136 371 3237 januarii
387 3133 503 3226 obiit,
518 3149 555 3208 et
576 3136 613 3207 in
632 3133 787 3208 claustro
800 3136 1062 3212 monachorum
1079 3142 1132 3236 (1)

68 3281 167 3329 secus
195 3253 384 3327 australem
404 3250 559 3324 basilicae
584 3257 772 3325 maceriam
798 3252 957 3351 sepultus
977 3258 1133 3356 requies-

70 3371 133 3443 cit.
154 3367 386 3468 Epitaphium
403 3383 522 3442 autem
540 3365 741 3465 hujusmodi
755 3364 935 3442 Johannes
949 3372 1132 3449 Remensis

70 3511 178 3584 super
196 3485 298 3557 illum
317 3482 451 3557 edidit:

135 3654 136 3657 ’
210 3649 276 3703 Post
289 3665 375 3703 annos
384 3647 448 3721 agni
463 3658 574 3703 centum
589 3667 652 3704 cnm
665 3647 742 3704 mille
752 3649 880 3721 superui,

72 3926 109 3982 de
120 3927 227 3980 reservo
238 3942 283 3979 cea
298 3924 361 3979 faits
372 3924 498 4000 d’eglisea
512 3925 726 4000 completemeut
738 3927 828 3981 raedas
841 3944 876 3981 au
891 3944 989 4001 moyen
1002 3930 1053 4004 ige
1064 3952 1137 4007 pour

73 4014 142 4069 seire
153 4012 230 4086 place
243 4015 259 4067 l
271 4011 408 4082 d’antres,
422 4024 533 4069 sartout
544 4013 613 4069 dans
625 4013 664 4069 les
675 4026 711 4068 ιι·
723 4024 753 4069 et
765 4025 811 4067 κη’
825 4013 927 4070 εἰὲοὶεε.

108 4103 148 4173 (ι)
166 4102 190 4159 ll
207 4101 320 4158 n'existe
333 4102 394 4175 plus
406 4120 514 4160 aucune
525 4114 599 4161 nece
611 4104 646 4161 de
660 4122 692 4160 ce
703 4103 809 4160 cloltre.
