2910 4980
343 495 677 598 ORDERICI
710 491 1000 598 VITALlS

557 747 787 807 Anottonnn

144 954 765 1082 unctusnsrrcaa
807 948 1200 1078 fflsroruAE

393 1240 566 1326 LIBER
599 1227 888 1330 TERTIUS(
917 1228 949 1329 l.

526 1628 819 1707 PROLOGUS.

148 1796 215 1896 Ᾱι)
239 1822 455 1897 laudandum
482 1825 688 1897 Creatorem
715 1825 750 1894 in
777 1822 915 1894 cunctis
939 1821 1108 1922 operibus
1134 1817 1208 1897 suis

147 1936 391 2012 indesinenter
412 1940 542 2012 instare
563 1936 752 2026 debemus,
776 1940 875 2036 cujus
898 1936 1116 2012 ineffabilem
1137 1920 1207 2039 poss

147 2057 298 2128 tentiam
327 2071 364 2129 et
386 2054 671 2157 magnitudinem
696 2055 873 2127 discutere
896 2079 973 2127 non
995 2080 1206 2154 possumus,

147 2197 213 2243 nec
230 2171 438 2260 efficaciam,
458 2198 527 2272 qua
539 2168 737 2242 sublimitas
755 2172 828 2267 ejus
841 2185 878 2242 et
896 2160 1128 2269 infatigabilis
1143 2158 1208 2244 be-

147 2290 304 2388 nignitas
315 2289 448 2363 anobis
459 2288 617 2363 enarrari
629 2288 753 2386 possit,
769 2285 953 2360 habemus.
967 2280 1055 2360 Inde
1067 2287 1210 2363 Veteris

148 2422 182 2478 et
199 2406 292 2479 Novi
304 2405 523 2479 Testamenti
535 2406 663 2506 pagina
681 2419 826 2492 tractat,
842 2403 925 2477 inde
942 2405 1060 2478 omnis
1070 2408 1210 2506 sapiens

72 2533 74 2536 ’
148 2538 394 2621 perscrutatur
411 2540 447 2595 et
468 2522 600 2622 cogitat
611 2552 621 2610 ς
641 2521 701 2594 sed
723 2522 998 2596 immensitatem
1015 2522 1210 2622 profundi-

147 2652 263 2710 tatum
279 2636 343 2712 Dei
364 2664 473 2712 nemo
497 2655 674 2738 penetrat.
695 2634 850 2712 Scientia
873 2637 1055 2712 charitatis
1075 2638 1208 2739 Christi

148 2755 387 2854 supereminet
402 2755 502 2830 omni
520 2754 686 2827 humanae
703 2755 923 2854 prudentiae}
939 2782 1047 2857 quam
1060 2750 1209 2831 investi-

148 2900 230 2971 gare
243 2889 279 2946 et
292 2873 472 2973 amplecti,
487 2887 636 2972 totoque
650 2874 731 2945 nisu
745 2875 843 2974 sequi
852 2878 993 2973 justum
1006 2890 1072 2964 est,
1084 2891 1120 2949 ct
1130 2875 1209 2975 plc-

148 3017 237 3061 num
249 2990 369 3062 salutis
384 3006 577 3089 perpetuae.
597 2989 653 3062 Ob
666 2989 735 3062 hoc
745 2989 840 3062 beati
855 2990 1036 3080 homines,
1051 3018 1210 3091 quorum

146 3107 222 3178 laus
235 3122 287 3179 est
299 3108 335 3178 in
349 3104 562 3178 authenticis
574 3105 769 3210 codicibus,
784 3122 820 3178 et
833 3109 954 3182 sociati
969 3108 1101 3207 angelis
1118 3137 1209 3209 gau-

148 3222 235 3296 dent
252 3224 290 3294 in
307 3220 533 3308 coelestibus,
555 3222 773 3320 contemptis
787 3223 1004 3296 transitoriis
1020 3221 1208 3296 inhiabant

147 3337 382 3438 perennibus,
405 3354 441 3410 et
462 3336 696 3412 abhorrentes
721 3338 873 3411 carnalia
895 3338 1085 3412 salubriter
1105 3339 1208 3414 frue-

147 3454 282 3528 bantur
303 3453 558 3553 spiritualibus.
585 3458 651 3528 Pcr
670 3455 822 3527 arduum
840 3457 908 3529 iter
931 3457 1109 3528 virtutum
1125 3483 1207 3533 ves-

182 3721 222 3790 (ι)
234 3722 320 3776 notre
332 3733 429 3776 auteur
442 3731 520 3775 entre
533 3722 567 3775 ici
581 3719 649 3774 daus
663 3721 688 3774 la
702 3721 846 3775 deuxieme
858 3720 970 3793 portion
980 3720 1015 3775 de
1029 3720 1055 3775 la
1066 3720 1146 3774 tichc
1159 3721 1209 3794 qui

148 3812 188 3866 lui
203 3812 273 3866 avait
293 3814 337 3865 cte
355 3812 474 3884 imposte
495 3829 544 3884 par
559 3829 600 3864 scs
620 3811 792 3883 superieurs3
812 3811 883 3864 aussi
897 3810 965 3864 dans
978 3809 1003 3864 le
1016 3820 1088 3864 terte
1103 3809 1138 3862 de
1151 3810 1209 3863 Du·

149 3901 250 3954 chesne
268 3899 354 3955 lit-on
374 3919 409 3953 en
429 3899 484 3954 tete
503 3899 538 3954 de
558 3919 588 3954 cc
604 3900 672 3954 livre
689 3900 716 3954 le
736 3902 801 3954 titre
823 3924 828 3954 :
850 3901 1057 3954 Ecclesiasticus
1077 3899 1208 3953 Ilistnrr'te

147 4009 218 4062 pars
231 3990 366 4057 sectanda,
381 4007 434 4062 que
446 4007 515 4044 nous
528 3990 641 4044 n'avons
654 4008 701 4062 pas
715 4008 763 4043 cru
776 3989 871 4043 devoir
883 3989 1046 4062 repr-oduire
1058 3989 1111 4057 ici,
1125 4006 1208 4063 parce

150 4080 218 4155 qu’il
232 4098 351 4154 mamque
365 4079 432 4135 dans
443 4078 468 4134 le
483 4082 634 4136 manuscrit
646 4081 681 4135 de
693 4069 909 4136 saint-Erroult.
