<?xml version="1.0" encoding="UTF-8"?>
<!DOCTYPE html PUBLIC "-//W3C//DTD XHTML 1.0 Transitional//EN"
    "http://www.w3.org/TR/xhtml1/DTD/xhtml1-transitional.dtd">
<html xmlns="http://www.w3.org/1999/xhtml" xml:lang="en" lang="en">
 <head>
  <title>
</title>
<meta http-equiv="Content-Type" content="text/html;charset=utf-8" />
  <meta name='ocr-system' content='tesseract 3.04.00' />
  <meta name='ocr-capabilities' content='ocr_page ocr_carea ocr_par ocr_line ocrx_word'/>
</head>
<body>
  <div class='ocr_page' id='page_1' title='image "./ordericivitalis01deligoog_0483.png"; bbox 0 0 2926 4980; ppageno 0'>
   <div class='ocr_carea' id='block_1_1' title="bbox 193 377 985 441">
    <p class='ocr_par' dir='ltr' id='par_1_1' title="bbox 193 377 985 441">
     <span class='ocr_line' id='line_1_1' title="bbox 193 377 985 441; baseline -0.001 -2"><span class='ocrx_word' id='word_1_1' title='bbox 193 377 254 440; x_wconf 76' lang='lat'>470</span> <span class='ocrx_word' id='word_1_2' title='bbox 471 380 657 441; x_wconf 75' lang='lat' dir='ltr'><strong>HISTORIA</strong></span> <span class='ocrx_word' id='word_1_3' title='bbox 679 378 985 441; x_wconf 72' lang='lat' dir='ltr'>ECCLESIASTICA.</span> 
     </span>
    </p>
   </div>
   <div class='ocr_carea' id='block_1_2' title="bbox 192 482 1269 2586">
    <p class='ocr_par' dir='ltr' id='par_1_2' title="bbox 192 482 1268 1067">
     <span class='ocr_line' id='line_1_2' title="bbox 192 482 1266 598; baseline 0.002 -28"><span class='ocrx_word' id='word_1_4' title='bbox 192 515 316 571; x_wconf 86' lang='lat' dir='ltr'>sancto</span> <span class='ocrx_word' id='word_1_5' title='bbox 337 496 497 572; x_wconf 84' lang='lat' dir='ltr'>Ebrulfo</span> <span class='ocrx_word' id='word_1_6' title='bbox 519 501 693 574; x_wconf 71' lang='lat' dir='ltr'><strong>noncessit</strong></span> <span class='ocrx_word' id='word_1_7' title='bbox 715 515 757 573; x_wconf 86' lang='lat' dir='ltr'>ut</span> <span class='ocrx_word' id='word_1_8' title='bbox 780 525 889 574; x_wconf 93' lang='lat' dir='ltr'>omne</span> <span class='ocrx_word' id='word_1_9' title='bbox 915 499 1120 573; x_wconf 89' lang='lat' dir='ltr'>dominium</span> <span class='ocrx_word' id='word_1_10' title='bbox 1145 482 1266 598; x_wconf 71' lang='lat' dir='ltr'>ejus&#39;b</span> 
     </span>
     <span class='ocr_line' id='line_1_3' title="bbox 192 613 1266 717; baseline 0.001 -30"><span class='ocrx_word' id='word_1_11' title='bbox 192 617 352 717; x_wconf 84' lang='lat' dir='ltr'>passagio</span> <span class='ocrx_word' id='word_1_12' title='bbox 373 613 530 690; x_wconf 85' lang='lat' dir='ltr'>liberum</span> <span class='ocrx_word' id='word_1_13' title='bbox 554 633 644 690; x_wconf 89' lang='lat' dir='ltr'>esset</span> <span class='ocrx_word' id='word_1_14' title='bbox 661 618 699 690; x_wconf 94' lang='lat' dir='ltr'>in</span> <span class='ocrx_word' id='word_1_15' title='bbox 716 617 780 690; x_wconf 92' lang='lat' dir='ltr'>illo</span> <span class='ocrx_word' id='word_1_16' title='bbox 798 617 900 706; x_wconf 89' lang='lat' dir='ltr'>loco,</span> <span class='ocrx_word' id='word_1_17' title='bbox 926 631 964 690; x_wconf 91' lang='lat' dir='ltr'>et</span> <span class='ocrx_word' id='word_1_18' title='bbox 988 617 1147 690; x_wconf 87' lang='lat' dir='ltr'>inomni</span> <span class='ocrx_word' id='word_1_19' title='bbox 1169 632 1266 689; x_wconf 80' lang='lat' dir='ltr'>tem</span> 
     </span>
     <span class='ocr_line' id='line_1_4' title="bbox 192 732 1268 834; baseline 0.002 -28"><span class='ocrx_word' id='word_1_20' title='bbox 192 735 281 831; x_wconf 86' lang='lat' dir='ltr'>ejus.</span> <span class='ocrx_word' id='word_1_21' title='bbox 296 732 378 805; x_wconf 86' lang='lat' dir='ltr'>Filii</span> <span class='ocrx_word' id='word_1_22' title='bbox 391 758 538 834; x_wconf 90' lang='lat' dir='ltr'>quoque</span> <span class='ocrx_word' id='word_1_23' title='bbox 549 737 623 832; x_wconf 86' lang='lat' dir='ltr'>ejus</span> <span class='ocrx_word' id='word_1_24' title='bbox 636 732 842 809; x_wconf 85' lang='lat' dir='ltr'>Rodbertus</span> <span class='ocrx_word' id='word_1_25' title='bbox 856 750 893 808; x_wconf 89' lang='lat' dir='ltr'>et</span> <span class='ocrx_word' id='word_1_26' title='bbox 906 734 1121 810; x_wconf 83' lang='lat' dir='ltr'>Guillelmua</span> <span class='ocrx_word' id='word_1_27' title='bbox 1132 758 1268 834; x_wconf 80' lang='lat' dir='ltr'>cogno</span> 
     </span>
     <span class='ocr_line' id='line_1_5' title="bbox 195 847 1267 950; baseline 0.002 -31"><span class='ocrx_word' id='word_1_28' title='bbox 195 862 320 922; x_wconf 88' lang='lat' dir='ltr'>mento</span> <span class='ocrx_word' id='word_1_29' title='bbox 332 847 503 947; x_wconf 87' lang='lat' dir='ltr'>Lupellus</span> <span class='ocrx_word' id='word_1_30' title='bbox 516 850 749 950; x_wconf 87' lang='lat' dir='ltr'>postmodum</span> <span class='ocrx_word' id='word_1_31' title='bbox 763 865 1030 938; x_wconf 76' lang='lat' dir='ltr'>coricesserunt,</span> <span class='ocrx_word' id='word_1_32' title='bbox 1046 849 1267 950; x_wconf 87' lang='lat' dir='ltr'>firmumque</span> 
     </span>
     <span class='ocr_line' id='line_1_6' title="bbox 195 963 871 1067; baseline 0.001 -28"><span class='ocrx_word' id='word_1_33' title='bbox 195 981 359 1041; x_wconf 87' lang='lat' dir='ltr'>tenorem</span> <span class='ocrx_word' id='word_1_34' title='bbox 375 963 439 1039; x_wconf 90' lang='lat' dir='ltr'>diu</span> <span class='ocrx_word' id='word_1_35' title='bbox 458 966 567 1041; x_wconf 93' lang='lat' dir='ltr'>modo</span> <span class='ocrx_word' id='word_1_36' title='bbox 586 971 815 1066; x_wconf 90' lang='lat' dir='ltr'>tenuerunt(</span> <span class='ocrx_word' id='word_1_37' title='bbox 840 969 871 1067; x_wconf 90' lang='lat'>).</span> 
     </span>
    </p>

    <p class='ocr_par' dir='ltr' id='par_1_3' title="bbox 193 1085 1269 2586">
     <span class='ocr_line' id='line_1_7' title="bbox 244 1085 1265 1186; baseline 0.002 -31"><span class='ocrx_word' id='word_1_38' title='bbox 244 1085 348 1184; x_wconf 81' lang='lat' dir='ltr'>llugo</span> <span class='ocrx_word' id='word_1_39' title='bbox 365 1086 524 1186; x_wconf 86' lang='lat' dir='ltr'>Paganus</span> <span class='ocrx_word' id='word_1_40' title='bbox 549 1087 841 1186; x_wconf 60' lang='lat' dir='ltr'>Crassalaingua,</span> <span class='ocrx_word' id='word_1_41' title='bbox 861 1100 898 1158; x_wconf 81' lang='lat' dir='ltr'>et</span> <span class='ocrx_word' id='word_1_42' title='bbox 913 1086 1032 1184; x_wconf 78' lang='lat' dir='ltr'>Agnes</span> <span class='ocrx_word' id='word_1_43' title='bbox 1053 1109 1148 1157; x_wconf 87' lang='lat' dir='ltr'>uxor</span> <span class='ocrx_word' id='word_1_44' title='bbox 1170 1088 1265 1184; x_wconf 84' lang='lat' dir='ltr'>ejus,</span> 
     </span>
     <span class='ocr_line' id='line_1_8' title="bbox 193 1198 1268 1300; baseline 0.004 -30"><span class='ocrx_word' id='word_1_45' title='bbox 193 1216 301 1300; x_wconf 87' lang='lat' dir='ltr'>atque</span> <span class='ocrx_word' id='word_1_46' title='bbox 315 1201 436 1274; x_wconf 91' lang='lat' dir='ltr'>Guido</span> <span class='ocrx_word' id='word_1_47' title='bbox 453 1201 548 1274; x_wconf 89' lang='lat' dir='ltr'>filius</span> <span class='ocrx_word' id='word_1_48' title='bbox 561 1227 688 1275; x_wconf 91' lang='lat' dir='ltr'>eorum</span> <span class='ocrx_word' id='word_1_49' title='bbox 701 1217 956 1275; x_wconf 90' lang='lat' dir='ltr'>concesserunt</span> <span class='ocrx_word' id='word_1_50' title='bbox 971 1217 1096 1274; x_wconf 87' lang='lat' dir='ltr'>sancto</span> <span class='ocrx_word' id='word_1_51' title='bbox 1109 1198 1268 1274; x_wconf 85' lang='lat' dir='ltr'>Ebrulfo</span> 
     </span>
     <span class='ocr_line' id='line_1_9' title="bbox 195 1316 1264 1419; baseline 0.003 -33"><span class='ocrx_word' id='word_1_52' title='bbox 195 1319 458 1391; x_wconf 80' lang='lat' dir='ltr'>vicecomitiam</span> <span class='ocrx_word' id='word_1_53' title='bbox 475 1328 487 1390; x_wconf 73' lang='grc' dir='ltr'>ε’</span> <span class='ocrx_word' id='word_1_54' title='bbox 511 1319 548 1392; x_wconf 91' lang='lat' dir='ltr'>id</span> <span class='ocrx_word' id='word_1_55' title='bbox 572 1336 624 1392; x_wconf 90' lang='lat' dir='ltr'>est</span> <span class='ocrx_word' id='word_1_56' title='bbox 645 1319 811 1407; x_wconf 81' lang='lat' dir='ltr'>viariam,</span> <span class='ocrx_word' id='word_1_57' title='bbox 830 1333 1005 1419; x_wconf 85' lang='lat' dir='ltr'>quantam</span> <span class='ocrx_word' id='word_1_58' title='bbox 1022 1316 1204 1391; x_wconf 88' lang='lat' dir='ltr'>habebant</span> <span class='ocrx_word' id='word_1_59' title='bbox 1229 1319 1264 1389; x_wconf 93' lang='lat' dir='ltr'>in</span> 
     </span>
     <span class='ocr_line' id='line_1_10' title="bbox 195 1432 1266 1535; baseline -0.001 -28"><span class='ocrx_word' id='word_1_60' title='bbox 195 1432 352 1507; x_wconf 87' lang='lat' dir='ltr'>Villariis</span> <span class='ocrx_word' id='word_1_61' title='bbox 369 1434 536 1524; x_wconf 82' lang='lat' dir='ltr'>Vastatis,</span> <span class='ocrx_word' id='word_1_62' title='bbox 556 1453 593 1510; x_wconf 89' lang='lat' dir='ltr'>et</span> <span class='ocrx_word' id='word_1_63' title='bbox 603 1434 653 1510; x_wconf 95' lang='lat' dir='ltr'>ob</span> <span class='ocrx_word' id='word_1_64' title='bbox 671 1434 740 1508; x_wconf 92' lang='lat' dir='ltr'>hoc</span> <span class='ocrx_word' id='word_1_65' title='bbox 759 1463 777 1507; x_wconf 92' lang='lat' dir='ltr'>a</span> <span class='ocrx_word' id='word_1_66' title='bbox 794 1434 979 1509; x_wconf 86' lang='lat' dir='ltr'>monacbis</span> <span class='ocrx_word' id='word_1_67' title='bbox 995 1433 1182 1535; x_wconf 86' lang='lat' dir='ltr'>quondam</span> <span class='ocrx_word' id='word_1_68' title='bbox 1196 1461 1266 1506; x_wconf 86' lang='lat' dir='ltr'>sus-</span> 
     </span>
     <span class='ocr_line' id='line_1_11' title="bbox 195 1551 1266 1651; baseline -0.002 -27"><span class='ocrx_word' id='word_1_69' title='bbox 195 1569 369 1651; x_wconf 85' lang='lat' dir='ltr'>ceperunt</span> <span class='ocrx_word' id='word_1_70' title='bbox 384 1579 408 1626; x_wconf 89' lang='lat' dir='ltr'>x</span> <span class='ocrx_word' id='word_1_71' title='bbox 423 1553 556 1628; x_wconf 92' lang='lat' dir='ltr'>solidos</span> <span class='ocrx_word' id='word_1_72' title='bbox 569 1570 606 1628; x_wconf 85' lang='lat' dir='ltr'>et</span> <span class='ocrx_word' id='word_1_73' title='bbox 621 1580 735 1625; x_wconf 91' lang='lat' dir='ltr'>unum</span> <span class='ocrx_word' id='word_1_74' title='bbox 754 1554 847 1626; x_wconf 86' lang='lat' dir='ltr'>cervi</span> <span class='ocrx_word' id='word_1_75' title='bbox 866 1553 1021 1640; x_wconf 88' lang='lat' dir='ltr'>corium,</span> <span class='ocrx_word' id='word_1_76' title='bbox 1036 1551 1156 1625; x_wconf 91' lang='lat' dir='ltr'>etalio</span> <span class='ocrx_word' id='word_1_77' title='bbox 1174 1566 1266 1624; x_wconf 83' lang='lat' dir='ltr'>tem-</span> 
     </span>
     <span class='ocr_line' id='line_1_12' title="bbox 194 1668 1265 1767; baseline -0.003 -25"><span class='ocrx_word' id='word_1_78' title='bbox 194 1675 293 1767; x_wconf 79' lang='lat' dir='ltr'>pore&#39;</span> <span class='ocrx_word' id='word_1_79' title='bbox 309 1695 358 1743; x_wconf 91' lang='lat' dir='ltr'>xx</span> <span class='ocrx_word' id='word_1_80' title='bbox 384 1670 530 1744; x_wconf 88' lang='lat' dir='ltr'>solidos.</span> <span class='ocrx_word' id='word_1_81' title='bbox 560 1671 672 1743; x_wconf 84' lang='lat' dir='ltr'>Filius</span> <span class='ocrx_word' id='word_1_82' title='bbox 699 1687 821 1744; x_wconf 87' lang='lat' dir='ltr'>autem</span> <span class='ocrx_word' id='word_1_83' title='bbox 845 1696 868 1742; x_wconf 94' lang='lat' dir='ltr'>x</span> <span class='ocrx_word' id='word_1_84' title='bbox 893 1669 1025 1744; x_wconf 87' lang='lat' dir='ltr'>solidos</span> <span class='ocrx_word' id='word_1_85' title='bbox 1049 1668 1265 1742; x_wconf 76' lang='lat' dir='ltr'>Medanten-</span> 
     </span>
     <span class='ocr_line' id='line_1_13' title="bbox 194 1783 1264 1884; baseline -0.002 -28"><span class='ocrx_word' id='word_1_86' title='bbox 194 1785 287 1856; x_wconf 88' lang='lat' dir='ltr'>sium</span> <span class='ocrx_word' id='word_1_87' title='bbox 299 1812 367 1883; x_wconf 90' lang='lat' dir='ltr'>pro</span> <span class='ocrx_word' id='word_1_88' title='bbox 380 1789 609 1861; x_wconf 83' lang='lat' dir='ltr'>concessione</span> <span class='ocrx_word' id='word_1_89' title='bbox 620 1787 766 1884; x_wconf 86' lang='lat' dir='ltr'>recepit.</span> <span class='ocrx_word' id='word_1_90' title='bbox 778 1785 945 1858; x_wconf 81' lang='lat' dir='ltr'>Chartam</span> <span class='ocrx_word' id='word_1_91' title='bbox 957 1809 1044 1858; x_wconf 88' lang='lat' dir='ltr'>vero</span> <span class='ocrx_word' id='word_1_92' title='bbox 1057 1783 1161 1882; x_wconf 86' lang='lat' dir='ltr'>hujus</span> <span class='ocrx_word' id='word_1_93' title='bbox 1172 1784 1264 1884; x_wconf 87' lang='lat' dir='ltr'>pacti</span> 
     </span>
     <span class='ocr_line' id='line_1_14' title="bbox 194 1898 1265 2004; baseline 0.001 -32"><span class='ocrx_word' id='word_1_94' title='bbox 194 1898 375 1976; x_wconf 88' lang='lat' dir='ltr'>Jobannes</span> <span class='ocrx_word' id='word_1_95' title='bbox 391 1904 607 1992; x_wconf 83' lang='lat' dir='ltr'>Remensis,</span> <span class='ocrx_word' id='word_1_96' title='bbox 626 1904 876 2004; x_wconf 84' lang='lat' dir='ltr'>praeloquente</span> <span class='ocrx_word' id='word_1_97' title='bbox 897 1904 1049 2004; x_wconf 85' lang='lat' dir='ltr'>Hugone</span> <span class='ocrx_word' id='word_1_98' title='bbox 1069 1901 1265 1974; x_wconf 83' lang='lat' dir='ltr'>Fraisnello</span> 
     </span>
     <span class='ocr_line' id='line_1_15' title="bbox 194 2019 1265 2119; baseline -0.002 -29"><span class='ocrx_word' id='word_1_99' title='bbox 194 2034 278 2092; x_wconf 82' lang='lat' dir='ltr'>ante</span> <span class='ocrx_word' id='word_1_100' title='bbox 309 2021 439 2092; x_wconf 82' lang='lat' dir='ltr'>turrim</span> <span class='ocrx_word' id='word_1_101' title='bbox 464 2020 683 2095; x_wconf 86' lang='lat' dir='ltr'>Brebervalli</span> <span class='ocrx_word' id='word_1_102' title='bbox 711 2020 880 2107; x_wconf 89' lang='lat' dir='ltr'>dictavit,</span> <span class='ocrx_word' id='word_1_103' title='bbox 907 2037 944 2092; x_wconf 90' lang='lat' dir='ltr'>et</span> <span class='ocrx_word' id='word_1_104' title='bbox 972 2020 1077 2119; x_wconf 83' lang='lat' dir='ltr'>Hugo</span> <span class='ocrx_word' id='word_1_105' title='bbox 1106 2019 1265 2118; x_wconf 84' lang='lat' dir='ltr'>Paganns</span> 
     </span>
     <span class='ocr_line' id='line_1_16' title="bbox 195 2133 1267 2235; baseline -0.002 -28"><span class='ocrx_word' id='word_1_106' title='bbox 195 2160 280 2207; x_wconf 89' lang='lat' dir='ltr'>cum</span> <span class='ocrx_word' id='word_1_107' title='bbox 297 2137 369 2209; x_wconf 88' lang='lat' dir='ltr'>suis</span> <span class='ocrx_word' id='word_1_108' title='bbox 386 2136 628 2211; x_wconf 81' lang='lat' dir='ltr'>confirmavit.</span> <span class='ocrx_word' id='word_1_109' title='bbox 643 2139 739 2210; x_wconf 78' lang='lat' dir='ltr'>Post</span> <span class='ocrx_word' id='word_1_110' title='bbox 761 2135 909 2235; x_wconf 87' lang='lat' dir='ltr'>aliquod</span> <span class='ocrx_word' id='word_1_111' title='bbox 935 2135 1108 2234; x_wconf 89' lang='lat' dir='ltr'>temporis</span> <span class='ocrx_word' id='word_1_112' title='bbox 1131 2133 1267 2232; x_wconf 86' lang='lat' dir='ltr'>praefa-</span> 
     </span>
     <span class='ocr_line' id='line_1_17' title="bbox 196 2250 1264 2355; baseline -0.005 -29"><span class='ocrx_word' id='word_1_113' title='bbox 196 2271 254 2327; x_wconf 90' lang='lat' dir='ltr'>tus</span> <span class='ocrx_word' id='word_1_114' title='bbox 270 2256 381 2355; x_wconf 81' lang='lat' dir='ltr'>Hugo</span> <span class='ocrx_word' id='word_1_115' title='bbox 397 2257 595 2330; x_wconf 88' lang='lat' dir='ltr'>monachus</span> <span class='ocrx_word' id='word_1_116' title='bbox 610 2255 726 2328; x_wconf 89' lang='lat' dir='ltr'>factus</span> <span class='ocrx_word' id='word_1_117' title='bbox 743 2269 796 2327; x_wconf 89' lang='lat' dir='ltr'>est</span> <span class='ocrx_word' id='word_1_118' title='bbox 803 2283 813 2342; x_wconf 84' lang='lat'>3</span> <span class='ocrx_word' id='word_1_119' title='bbox 837 2270 874 2328; x_wconf 90' lang='lat' dir='ltr'>et</span> <span class='ocrx_word' id='word_1_120' title='bbox 890 2252 954 2327; x_wconf 88' lang='lat' dir='ltr'>filii</span> <span class='ocrx_word' id='word_1_121' title='bbox 974 2257 1048 2352; x_wconf 89' lang='lat' dir='ltr'>ejus</span> <span class='ocrx_word' id='word_1_122' title='bbox 1066 2250 1264 2335; x_wconf 84' lang='lat' dir='ltr'>Rodulsus,</span> 
     </span>
     <span class='ocr_line' id='line_1_18' title="bbox 196 2366 1267 2448; baseline -0.003 -5"><span class='ocrx_word' id='word_1_123' title='bbox 196 2372 323 2447; x_wconf 88' lang='lat' dir='ltr'>Simon</span> <span class='ocrx_word' id='word_1_124' title='bbox 347 2389 383 2448; x_wconf 91' lang='lat' dir='ltr'>et</span> <span class='ocrx_word' id='word_1_125' title='bbox 407 2371 613 2448; x_wconf 80' lang='lat' dir='ltr'>Radbertus</span> <span class='ocrx_word' id='word_1_126' title='bbox 635 2370 820 2446; x_wconf 89' lang='lat' dir='ltr'>monacbis</span> <span class='ocrx_word' id='word_1_127' title='bbox 840 2371 1104 2444; x_wconf 87' lang='lat' dir='ltr'>vicecomitiam</span> <span class='ocrx_word' id='word_1_128' title='bbox 1125 2366 1267 2440; x_wconf 77' lang='lat' dir='ltr'>auferre</span> 
     </span>
     <span class='ocr_line' id='line_1_19' title="bbox 196 2487 1269 2586; baseline -0.002 -26"><span class='ocrx_word' id='word_1_129' title='bbox 196 2488 313 2563; x_wconf 88' lang='lat' dir='ltr'>moliti</span> <span class='ocrx_word' id='word_1_130' title='bbox 343 2506 441 2563; x_wconf 83' lang='lat' dir='ltr'>sunt.</span> <span class='ocrx_word' id='word_1_131' title='bbox 466 2488 634 2564; x_wconf 89' lang='lat' dir='ltr'>Monachi</span> <span class='ocrx_word' id='word_1_132' title='bbox 657 2514 767 2576; x_wconf 86' lang='lat' dir='ltr'>vero,</span> <span class='ocrx_word' id='word_1_133' title='bbox 793 2504 835 2559; x_wconf 90' lang='lat' dir='ltr'>nt</span> <span class='ocrx_word' id='word_1_134' title='bbox 861 2487 981 2560; x_wconf 85' lang='lat' dir='ltr'>habita</span> <span class='ocrx_word' id='word_1_135' title='bbox 1011 2487 1049 2559; x_wconf 90' lang='lat' dir='ltr'>in</span> <span class='ocrx_word' id='word_1_136' title='bbox 1074 2510 1162 2586; x_wconf 83' lang='lat' dir='ltr'>paee</span> <span class='ocrx_word' id='word_1_137' title='bbox 1187 2509 1269 2584; x_wconf 85' lang='lat' dir='ltr'>pos·</span> 
     </span>
    </p>
   </div>
   <div class='ocr_carea' id='block_1_3' title="bbox 195 2601 1271 3175">
    <p class='ocr_par' dir='ltr' id='par_1_4' title="bbox 195 2601 1270 3029">
     <span class='ocr_line' id='line_1_20' title="bbox 195 2601 1269 2707; baseline -0.005 -31"><span class='ocrx_word' id='word_1_138' title='bbox 195 2604 373 2696; x_wconf 91' lang='lat' dir='ltr'>siderent,</span> <span class='ocrx_word' id='word_1_139' title='bbox 398 2605 577 2698; x_wconf 85' lang='lat' dir='ltr'>Rodulso,</span> <span class='ocrx_word' id='word_1_140' title='bbox 602 2607 667 2707; x_wconf 92' lang='lat' dir='ltr'>qui</span> <span class='ocrx_word' id='word_1_141' title='bbox 688 2605 950 2705; x_wconf 76' lang='lat' dir='ltr'>primogenitus</span> <span class='ocrx_word' id='word_1_142' title='bbox 972 2617 1065 2696; x_wconf 84' lang='lat' dir='ltr'>erat,</span> <span class='ocrx_word' id='word_1_143' title='bbox 1090 2601 1269 2675; x_wconf 89' lang='lat' dir='ltr'>dederunt</span> 
     </span>
     <span class='ocr_line' id='line_1_21' title="bbox 196 2718 1266 2802; baseline -0.007 -7"><span class='ocrx_word' id='word_1_144' title='bbox 196 2737 342 2795; x_wconf 85' lang='lat' dir='ltr'>centum</span> <span class='ocrx_word' id='word_1_145' title='bbox 361 2739 397 2795; x_wconf 87' lang='lat' dir='ltr'>et</span> <span class='ocrx_word' id='word_1_146' title='bbox 412 2722 535 2799; x_wconf 88' lang='lat' dir='ltr'>decem</span> <span class='ocrx_word' id='word_1_147' title='bbox 552 2723 686 2799; x_wconf 83' lang='lat' dir='ltr'>solidos</span> <span class='ocrx_word' id='word_1_148' title='bbox 703 2746 942 2795; x_wconf 90' lang='lat' dir='ltr'>nummorum</span> <span class='ocrx_word' id='word_1_149' title='bbox 954 2718 1266 2802; x_wconf 85' lang='lat' dir='ltr'>Medantensinm,</span> 
     </span>
     <span class='ocr_line' id='line_1_22' title="bbox 195 2829 1270 2940; baseline -0.004 -31"><span class='ocrx_word' id='word_1_150' title='bbox 195 2836 408 2939; x_wconf 86' lang='lat' dir='ltr'>Simonique</span> <span class='ocrx_word' id='word_1_151' title='bbox 429 2841 591 2940; x_wconf 90' lang='lat' dir='ltr'>quinque</span> <span class='ocrx_word' id='word_1_152' title='bbox 616 2836 770 2924; x_wconf 89' lang='lat' dir='ltr'>solidos,</span> <span class='ocrx_word' id='word_1_153' title='bbox 797 2854 833 2911; x_wconf 87' lang='lat' dir='ltr'>et</span> <span class='ocrx_word' id='word_1_154' title='bbox 857 2834 1043 2912; x_wconf 83' lang='lat' dir='ltr'>Rodberto</span> <span class='ocrx_word' id='word_1_155' title='bbox 1067 2829 1270 2906; x_wconf 77' lang='lat' dir='ltr'>subtolares</span> 
     </span>
     <span class='ocr_line' id='line_1_23' title="bbox 197 2955 411 3029; baseline 0.014 -4"><span class='ocrx_word' id='word_1_156' title='bbox 197 2955 411 3029; x_wconf 88' lang='lat' dir='ltr'>corduanos.</span> 
     </span>
    </p>

    <p class='ocr_par' dir='ltr' id='par_1_5' title="bbox 247 3068 1271 3175">
     <span class='ocr_line' id='line_1_24' title="bbox 247 3068 1271 3175; baseline -0.004 -31"><span class='ocrx_word' id='word_1_157' title='bbox 247 3073 356 3147; x_wconf 87' lang='lat' dir='ltr'>Anno</span> <span class='ocrx_word' id='word_1_158' title='bbox 378 3100 452 3175; x_wconf 92' lang='lat' dir='ltr'>quo</span> <span class='ocrx_word' id='word_1_159' title='bbox 472 3074 621 3148; x_wconf 67' lang='lat' dir='ltr'>Goellus</span> <span class='ocrx_word' id='word_1_160' title='bbox 644 3072 739 3148; x_wconf 87' lang='lat' dir='ltr'>obiit</span> <span class='ocrx_word' id='word_1_161' title='bbox 764 3075 836 3171; x_wconf 80' lang='lat' dir='ltr'>(a),</span> <span class='ocrx_word' id='word_1_162' title='bbox 866 3070 1071 3147; x_wconf 82' lang='lat' dir='ltr'>Alexander</span> <span class='ocrx_word' id='word_1_163' title='bbox 1096 3085 1134 3143; x_wconf 88' lang='lat' dir='ltr'>et</span> <span class='ocrx_word' id='word_1_164' title='bbox 1153 3068 1271 3144; x_wconf 86' lang='lat' dir='ltr'>Gisle-</span> 
     </span>
    </p>
   </div>
   <div class='ocr_carea' id='block_1_4' title="bbox 197 3321 1275 3958">
    <p class='ocr_par' dir='ltr' id='par_1_6' title="bbox 197 3321 1273 3779">
     <span class='ocr_line' id='line_1_25' title="bbox 197 3321 1272 3410; baseline -0.007 -13"><span class='ocrx_word' id='word_1_165' title='bbox 197 3354 226 3398; x_wconf 88' lang='lat' dir='ltr'>et</span> <span class='ocrx_word' id='word_1_166' title='bbox 237 3342 336 3399; x_wconf 85' lang='lat' dir='ltr'>l’autre</span> <span class='ocrx_word' id='word_1_167' title='bbox 347 3367 353 3398; x_wconf 77' lang='grc' dir='ltr'><strong>ε</strong></span> <span class='ocrx_word' id='word_1_168' title='bbox 363 3321 701 3408; x_wconf 66' lang='lat' dir='ltr'>‘saint-Hittier-le·ssois,</span> <span class='ocrx_word' id='word_1_169' title='bbox 717 3358 753 3394; x_wconf 91' lang='lat' dir='ltr'>au</span> <span class='ocrx_word' id='word_1_170' title='bbox 770 3338 879 3394; x_wconf 79' lang='lat' dir='ltr'>diocbse</span> <span class='ocrx_word' id='word_1_171' title='bbox 892 3325 1038 3394; x_wconf 74' lang='lat' dir='ltr'>d’Evreux.</span> <span class='ocrx_word' id='word_1_172' title='bbox 1058 3337 1136 3392; x_wconf 84' lang='lat' dir='ltr'>Nous</span> <span class='ocrx_word' id='word_1_173' title='bbox 1152 3353 1272 3410; x_wconf 84' lang='lat' dir='ltr'>pensons</span> 
     </span>
     <span class='ocr_line' id='line_1_26' title="bbox 197 3423 1272 3508; baseline -0.007 -21"><span class='ocrx_word' id='word_1_174' title='bbox 197 3451 253 3508; x_wconf 89' lang='lat' dir='ltr'>que</span> <span class='ocrx_word' id='word_1_175' title='bbox 263 3432 291 3487; x_wconf 90' lang='lat' dir='ltr'>la</span> <span class='ocrx_word' id='word_1_176' title='bbox 302 3434 409 3490; x_wconf 87' lang='lat' dir='ltr'>maison</span> <span class='ocrx_word' id='word_1_177' title='bbox 420 3433 469 3488; x_wconf 86' lang='lat' dir='ltr'>des</span> <span class='ocrx_word' id='word_1_178' title='bbox 479 3434 585 3488; x_wconf 88' lang='lat' dir='ltr'>moines</span> <span class='ocrx_word' id='word_1_179' title='bbox 598 3432 668 3487; x_wconf 89' lang='lat' dir='ltr'>dont</span> <span class='ocrx_word' id='word_1_180' title='bbox 682 3429 758 3503; x_wconf 88' lang='lat' dir='ltr'>parle</span> <span class='ocrx_word' id='word_1_181' title='bbox 768 3439 848 3484; x_wconf 85' lang='lat' dir='ltr'>notre</span> <span class='ocrx_word' id='word_1_182' title='bbox 861 3438 970 3496; x_wconf 85' lang='lat' dir='ltr'>auteur,</span> <span class='ocrx_word' id='word_1_183' title='bbox 983 3427 1051 3482; x_wconf 75' lang='lat' dir='ltr'>etait</span> <span class='ocrx_word' id='word_1_184' title='bbox 1060 3444 1099 3481; x_wconf 89' lang='lat' dir='ltr'>un</span> <span class='ocrx_word' id='word_1_185' title='bbox 1108 3426 1224 3500; x_wconf 76' lang='lat' dir='ltr'>prienre</span> <span class='ocrx_word' id='word_1_186' title='bbox 1237 3423 1272 3480; x_wconf 87' lang='lat' dir='ltr'>de</span> 
     </span>
     <span class='ocr_line' id='line_1_27' title="bbox 198 3514 1273 3594; baseline -0.007 -15"><span class='ocrx_word' id='word_1_187' title='bbox 198 3522 349 3579; x_wconf 88' lang='lat' dir='ltr'>Coulombs</span> <span class='ocrx_word' id='word_1_188' title='bbox 363 3525 379 3577; x_wconf 73' lang='lat' dir='ltr'>b</span> <span class='ocrx_word' id='word_1_189' title='bbox 392 3519 737 3588; x_wconf 79' lang='lat' dir='ltr'>saint-Hillier-la-Ville,</span> <span class='ocrx_word' id='word_1_190' title='bbox 751 3519 800 3594; x_wconf 89' lang='lat' dir='ltr'>qui</span> <span class='ocrx_word' id='word_1_191' title='bbox 813 3520 908 3574; x_wconf 81' lang='lat' dir='ltr'>n’aura</span> <span class='ocrx_word' id='word_1_192' title='bbox 924 3535 972 3592; x_wconf 83' lang='lat' dir='ltr'>pas</span> <span class='ocrx_word' id='word_1_193' title='bbox 990 3516 1109 3571; x_wconf 76' lang='lat' dir='ltr'>subsiste</span> <span class='ocrx_word' id='word_1_194' title='bbox 1121 3514 1273 3590; x_wconf 73' lang='lat' dir='ltr'>jusqu&#39;lls</span> 
     </span>
     <span class='ocr_line' id='line_1_28' title="bbox 198 3604 1273 3685; baseline -0.008 -17"><span class='ocrx_word' id='word_1_195' title='bbox 198 3613 369 3681; x_wconf 85' lang='lat' dir='ltr'>re&#39;volntion,</span> <span class='ocrx_word' id='word_1_196' title='bbox 380 3632 427 3668; x_wconf 86' lang='lat' dir='ltr'>car</span> <span class='ocrx_word' id='word_1_197' title='bbox 437 3612 456 3667; x_wconf 89' lang='lat' dir='ltr'>il</span> <span class='ocrx_word' id='word_1_198' title='bbox 468 3613 531 3668; x_wconf 87' lang='lat' dir='ltr'>n&#39;en</span> <span class='ocrx_word' id='word_1_199' title='bbox 541 3622 583 3667; x_wconf 87' lang='lat' dir='ltr'>est</span> <span class='ocrx_word' id='word_1_200' title='bbox 592 3630 640 3685; x_wconf 87' lang='lat' dir='ltr'>pas</span> <span class='ocrx_word' id='word_1_201' title='bbox 651 3609 728 3684; x_wconf 77' lang='lat' dir='ltr'>paule</span> <span class='ocrx_word' id='word_1_202' title='bbox 737 3608 805 3663; x_wconf 87' lang='lat' dir='ltr'>dans</span> <span class='ocrx_word' id='word_1_203' title='bbox 814 3606 968 3663; x_wconf 82' lang='lat' dir='ltr'>l&#39;exccllent</span> <span class='ocrx_word' id='word_1_204' title='bbox 976 3605 1085 3662; x_wconf 79' lang='lat' dir='ltr'>Pouille</span> <span class='ocrx_word' id='word_1_205' title='bbox 1094 3604 1130 3660; x_wconf 90' lang='lat' dir='ltr'>de</span> <span class='ocrx_word' id='word_1_206' title='bbox 1139 3605 1273 3661; x_wconf 73' lang='lat' dir='ltr'>Chartm</span> 
     </span>
     <span class='ocr_line' id='line_1_29' title="bbox 202 3698 858 3779; baseline -0.009 -22"><span class='ocrx_word' id='word_1_207' title='bbox 202 3701 238 3759; x_wconf 90' lang='lat' dir='ltr'>de</span> <span class='ocrx_word' id='word_1_208' title='bbox 253 3701 331 3779; x_wconf 73' lang='lat'>1758.</span> <span class='ocrx_word' id='word_1_209' title='bbox 344 3703 425 3759; x_wconf 79' lang='lat' dir='ltr'>Getta</span> <span class='ocrx_word' id='word_1_210' title='bbox 438 3701 541 3776; x_wconf 81' lang='lat' dir='ltr'>abbaye</span> <span class='ocrx_word' id='word_1_211' title='bbox 554 3701 730 3776; x_wconf 74' lang='lat' dir='ltr'>presentaita</span> <span class='ocrx_word' id='word_1_212' title='bbox 742 3698 768 3753; x_wconf 86' lang='lat' dir='ltr'>la</span> <span class='ocrx_word' id='word_1_213' title='bbox 781 3716 858 3753; x_wconf 87' lang='lat' dir='ltr'>cure.</span> 
     </span>
    </p>

    <p class='ocr_par' dir='ltr' id='par_1_7' title="bbox 201 3784 1275 3958">
     <span class='ocr_line' id='line_1_30' title="bbox 234 3784 1274 3867; baseline -0.011 -18"><span class='ocrx_word' id='word_1_214' title='bbox 234 3798 274 3865; x_wconf 84' lang='lat'>(1)</span> <span class='ocrx_word' id='word_1_215' title='bbox 294 3794 371 3849; x_wconf 86' lang='lat' dir='ltr'>Noua</span> <span class='ocrx_word' id='word_1_216' title='bbox 390 3812 507 3867; x_wconf 84' lang='lat' dir='ltr'>croyons</span> <span class='ocrx_word' id='word_1_217' title='bbox 526 3793 626 3848; x_wconf 85' lang='lat' dir='ltr'>inutile</span> <span class='ocrx_word' id='word_1_218' title='bbox 644 3791 767 3846; x_wconf 86' lang='lat' dir='ltr'>d‘entrer</span> <span class='ocrx_word' id='word_1_219' title='bbox 785 3789 820 3844; x_wconf 89' lang='lat' dir='ltr'>ici</span> <span class='ocrx_word' id='word_1_220' title='bbox 839 3787 908 3844; x_wconf 85' lang='lat' dir='ltr'>daus</span> <span class='ocrx_word' id='word_1_221' title='bbox 923 3804 1015 3842; x_wconf 87' lang='lat' dir='ltr'>aucun</span> <span class='ocrx_word' id='word_1_222' title='bbox 1035 3784 1120 3841; x_wconf 76' lang='lat' dir='ltr'>detail</span> <span class='ocrx_word' id='word_1_223' title='bbox 1140 3795 1274 3840; x_wconf 79' lang='lat' dir='ltr'>succette</span> 
     </span>
     <span class='ocr_line' id='line_1_31' title="bbox 201 3874 1275 3958; baseline -0.009 -20"><span class='ocrx_word' id='word_1_224' title='bbox 201 3884 317 3952; x_wconf 79' lang='lat' dir='ltr'>familie,</span> <span class='ocrx_word' id='word_1_225' title='bbox 339 3903 420 3957; x_wconf 77' lang='lat' dir='ltr'>parce</span> <span class='ocrx_word' id='word_1_226' title='bbox 438 3903 492 3958; x_wconf 90' lang='lat' dir='ltr'>que</span> <span class='ocrx_word' id='word_1_227' title='bbox 513 3902 583 3939; x_wconf 85' lang='lat' dir='ltr'>nous</span> <span class='ocrx_word' id='word_1_228' title='bbox 602 3901 637 3938; x_wconf 90' lang='lat' dir='ltr'>en</span> <span class='ocrx_word' id='word_1_229' title='bbox 655 3893 818 3937; x_wconf 84' lang='lat' dir='ltr'>trouverons</span> <span class='ocrx_word' id='word_1_230' title='bbox 835 3897 890 3934; x_wconf 90' lang='lat' dir='ltr'>unc</span> <span class='ocrx_word' id='word_1_231' title='bbox 905 3877 1049 3934; x_wconf 84' lang='lat' dir='ltr'>meilleure</span> <span class='ocrx_word' id='word_1_232' title='bbox 1063 3876 1190 3931; x_wconf 81' lang='lat' dir='ltr'>occasion</span> <span class='ocrx_word' id='word_1_233' title='bbox 1211 3874 1275 3947; x_wconf 88' lang='lat' dir='ltr'>plus</span> 
     </span>
    </p>
   </div>
   <div class='ocr_carea' id='block_1_5' title="bbox 201 3975 1274 4134">
    <p class='ocr_par' dir='ltr' id='par_1_8' title="bbox 201 3975 1274 4134">
     <span class='ocr_line' id='line_1_32' title="bbox 201 3975 274 4029; baseline 0.014 -1"><span class='ocrx_word' id='word_1_234' title='bbox 201 3975 274 4029; x_wconf 75' lang='lat' dir='ltr'>laed.</span> 
     </span>
     <span class='ocr_line' id='line_1_33' title="bbox 236 4052 1274 4134; baseline -0.011 -17"><span class='ocrx_word' id='word_1_235' title='bbox 236 4066 274 4134; x_wconf 78' lang='lat' dir='ltr'>(a)</span> <span class='ocrx_word' id='word_1_236' title='bbox 294 4064 380 4118; x_wconf 77' lang='lat' dir='ltr'>Notae</span> <span class='ocrx_word' id='word_1_237' title='bbox 391 4076 491 4119; x_wconf 83' lang='lat' dir='ltr'>auteur</span> <span class='ocrx_word' id='word_1_238' title='bbox 500 4064 591 4118; x_wconf 83' lang='lat' dir='ltr'>aurait</span> <span class='ocrx_word' id='word_1_239' title='bbox 600 4062 693 4117; x_wconf 80' lang='lat' dir='ltr'>nrieux</span> <span class='ocrx_word' id='word_1_240' title='bbox 704 4062 753 4116; x_wconf 79' lang='lat' dir='ltr'>fair</span> <span class='ocrx_word' id='word_1_241' title='bbox 764 4058 798 4114; x_wconf 87' lang='lat' dir='ltr'>de</span> <span class='ocrx_word' id='word_1_242' title='bbox 810 4075 879 4113; x_wconf 89' lang='lat' dir='ltr'>nous</span> <span class='ocrx_word' id='word_1_243' title='bbox 892 4056 953 4111; x_wconf 76' lang='lat' dir='ltr'>disc</span> <span class='ocrx_word' id='word_1_244' title='bbox 965 4075 1000 4110; x_wconf 91' lang='lat' dir='ltr'>cn</span> <span class='ocrx_word' id='word_1_245' title='bbox 1010 4052 1101 4128; x_wconf 85' lang='lat' dir='ltr'>quelle</span> <span class='ocrx_word' id='word_1_246' title='bbox 1115 4055 1204 4108; x_wconf 64' lang='lat' dir='ltr'>annae</span> <span class='ocrx_word' id='word_1_247' title='bbox 1217 4053 1274 4108; x_wconf 79' lang='lat' dir='ltr'>cela</span> 
     </span>
    </p>
   </div>
   <div class='ocr_carea' id='block_1_6' title="bbox 203 4142 1275 4229">
    <p class='ocr_par' dir='ltr' id='par_1_9' title="bbox 203 4142 1275 4229">
     <span class='ocr_line' id='line_1_34' title="bbox 203 4142 1275 4229; baseline -0.011 -21"><span class='ocrx_word' id='word_1_248' title='bbox 203 4171 230 4208; x_wconf 87' lang='lat' dir='ltr'>sc</span> <span class='ocrx_word' id='word_1_249' title='bbox 250 4171 339 4226; x_wconf 80' lang='lat' dir='ltr'>passa,</span> <span class='ocrx_word' id='word_1_250' title='bbox 359 4173 414 4229; x_wconf 87' lang='lat' dir='ltr'>quc</span> <span class='ocrx_word' id='word_1_251' title='bbox 428 4154 463 4210; x_wconf 87' lang='lat' dir='ltr'>de</span> <span class='ocrx_word' id='word_1_252' title='bbox 476 4155 532 4209; x_wconf 81' lang='lat' dir='ltr'>s’en</span> <span class='ocrx_word' id='word_1_253' title='bbox 552 4153 652 4209; x_wconf 77' lang='lat' dir='ltr'>tenisi</span> <span class='ocrx_word' id='word_1_254' title='bbox 667 4170 704 4208; x_wconf 91' lang='lat' dir='ltr'>un</span> <span class='ocrx_word' id='word_1_255' title='bbox 721 4148 930 4223; x_wconf 69' lang='lat' dir='ltr'>syncln‘onismc</span> <span class='ocrx_word' id='word_1_256' title='bbox 948 4148 995 4220; x_wconf 85' lang='lat' dir='ltr'>qui</span> <span class='ocrx_word' id='word_1_257' title='bbox 1015 4162 1049 4201; x_wconf 88' lang='lat' dir='ltr'>ue</span> <span class='ocrx_word' id='word_1_258' title='bbox 1063 4162 1134 4199; x_wconf 85' lang='lat' dir='ltr'>nous</span> <span class='ocrx_word' id='word_1_259' title='bbox 1149 4142 1275 4217; x_wconf 82' lang='lat' dir='ltr'>apprend</span> 
     </span>
    </p>
   </div>
   <div class='ocr_carea' id='block_1_7' title="bbox 0 0 1477 4980">
    <p class='ocr_par' dir='ltr' id='par_1_10' title="bbox 0 0 1477 4980">
     <span class='ocr_line' id='line_1_35' title="bbox 0 0 1477 4980; baseline 0 0"><span class='ocrx_word' id='word_1_260' title='bbox 0 0 1477 4980; x_wconf 95' lang='lat' dir='ltr'> </span> 
     </span>
    </p>
   </div>
  </div>
 </body>
</html>
