2910 4980
128 374 333 452 [samanar]
391 327 394 342 '
496 373 612 435 arnan
632 372 810 439 ruamus.
1142 362 1181 437 45

127 506 164 566 et
186 517 312 566 coxam
330 490 425 562 illius
442 505 477 564 et
497 490 620 563 tibiam
643 489 908 584 comederant),
934 504 1052 562 tantus
1070 492 1184 566 foetor

127 607 172 681 de
198 632 242 680 eo
259 604 471 694 ebulliebat,
496 621 537 677 ut
561 604 680 677 nullus
697 604 740 676 ad
763 629 846 677 eum
866 601 1031 678 accedere
1050 626 1180 704 posset.

128 721 221 793 Nam
238 748 303 820 per
318 721 510 809 foetorem,
528 722 591 822 qui
612 720 752 820 longius
768 716 1000 808 sentiebatur,
1020 722 1184 796 inventus

129 854 194 912 est.
219 839 270 910 Et
285 839 498 937 accipientes
514 864 596 911 eum
613 852 716 935 pater
736 839 810 934 ejus
828 849 864 907 et
879 851 1006 924 mater,
1024 839 1084 936 qui
1105 840 1184 937 plus

130 953 269 1027 ceteris
283 952 469 1044 amabant,
488 967 586 1025 extra
603 949 843 1052 polyandrum
865 948 1019 1022 ecclesiae
1037 952 1186 1050 sepelie-¹

130 1083 232 1140 runt.
248 1069 342 1142 Ecce
354 1068 451 1168 quali
464 1083 581 1140 morte
594 1068 658 1140 iste
677 1065 866 1137 mulctatus
883 1079 956 1153 est,
979 1067 1040 1165 qui
1058 1067 1101 1139 ad
1117 1095 1187 1141 sae-

131 1184 204 1256 culi
221 1183 414 1258 vanitatem
434 1182 550 1257 redire
571 1181 717 1270 maluit,
737 1207 846 1281 quam
864 1181 960 1253 inter
982 1209 1101 1257 servos
1116 1186 1185 1259 Dei

131 1300 244 1372 vitam
266 1299 412 1395 ducere,
442 1325 508 1398 per
530 1324 637 1398 quam
663 1313 781 1396 posset
805 1295 849 1368 ad
870 1296 1013 1370 coeleste
1034 1326 1187 1399 regnum

133 1414 384 1491 conscendere.

181 1530 283 1602 Alius
295 1530 497 1632 presbyter,
512 1531 709 1605 Adelardus
720 1534 867 1605 nomine
876 1585 887 1621 ,
902 1558 984 1603 eum
1001 1559 1065 1632 per
1082 1533 1188 1606 infin-

134 1647 297 1720 mitatem
316 1645 477 1719 habitum
494 1646 746 1721 monachicum
765 1648 987 1745 sumpsisset,
1008 1648 1188 1721 ecclesiam

133 1763 178 1836 de
196 1765 314 1863 Sappo
332 1791 414 1837 cum
433 1766 587 1853 decima,
607 1791 714 1864 quam
732 1765 769 1836 in
792 1763 900 1839 feudo
923 1763 1088 1853 tenebat,
1115 1767 1190 1840 Deo

133 1895 170 1951 et
186 1882 223 1953 S.
240 1880 396 1954 Ebrulfo
411 1908 451 1953 ac
468 1881 650 1957 monachis
667 1881 775 1979 ipsius
793 1883 1059 1981 inperpetuum
1076 1883 1191 1980 possi-

134 1997 288 2071 dendam
306 1996 464 2070 tradidit.
482 1999 550 2091 Qui
568 2013 688 2096 postea
703 2024 785 2069 cum
801 1997 845 2069 ad
861 1998 1046 2070 sanitatem
1064 1997 1191 2072 rediis'-

135 2128 206 2199 set,
237 2113 417 2210 poenitere
442 2110 486 2185 de
512 2138 555 2186 eo
581 2111 679 2211 quod
708 2128 827 2210 egerat
853 2113 987 2209 coepit,
1019 2131 1124 2212 atque
1149 2115 1192 2186 ad

136 2227 308 2301 saeculum
326 2227 443 2303 redire
464 2229 600 2299 statuit.
624 2227 729 2319 Quod
751 2253 832 2300 eum
849 2225 956 2300 abbas
978 2232 1193 2303 Teodericus

136 2341 308 2431 audisset,
332 2336 489 2444 reguiam
511 2345 559 2441 S.
573 2341 756 2416 Benedicti
781 2344 922 2415 recitari
948 2345 1061 2417 eidem
1085 2346 1192 2433 fecit,

136 2457 300 2557 dixitque
314 2457 365 2529 illi
380 2490 388 2528 :
401 2461 502 2531 Ecce
516 2460 577 2530 lea
584 2514 597 2547 ,
612 2458 678 2531 sub
693 2485 767 2556 qua
779 2459 935 2529 militare
947 2462 1017 2532 ais.
1035 2459 1080 2532 Si
1087 2478 1194 2561 potes

138 2573 327 2646 observare
335 2631 348 2664 ,
371 2573 560 2674 ingredere
571 2609 588 2660 ,·
612 2577 647 2647 si
668 2601 751 2646 aero
771 2601 845 2646 non
865 2593 970 2674 potes
976 2634 990 2667 ,
1011 2576 1102 2648 liber
1116 2578 1198 2649 dis-

139 2686 241 2759 eede.
264 2687 418 2760 Nolebat
440 2689 537 2761 enim
556 2688 712 2788 aliquem
733 2688 935 2786 hujusmodi
962 2689 1144 2764 hominem
1161 2693 1197 2764 vi

140 2804 306 2878 retinere.
327 2809 379 2877 At
397 2806 455 2878 itte
474 2806 510 2877 iu
532 2832 593 2876 sua
609 2805 802 2902 pertinacia
819 2804 911 2877 male
928 2805 1131 2895 induratus,
1154 2807 1199 2880 de

141 2919 311 2995 coenobio
337 2923 467 3012 exirit,
493 2938 529 2996 et
553 2920 717 2993 habitum
732 2922 957 3010 saecularem,
981 2949 1090 3024 quem
1115 2925 1200 2999 reii-

139 3055 291 3136 querat,
318 3039 558 3138 reassumpsit.
587 3039 750 3139 Cumque
774 3039 955 3112 ecclesiam
985 3040 1028 3113 de
1057 3042 1196 3141 Sappo,

139 3182 249 3255 quam
270 3157 454 3230 monachis
481 3156 644 3243 dederat,
675 3158 804 3230 iterum
830 3159 989 3255 accipere
1009 3159 1197 3245 voluisset,

141 3276 248 3373 Hugo
264 3273 307 3346 de
318 3273 645 3363 Grentemaisnitio,
662 3276 724 3374 qui
736 3293 824 3347 tunc
838 3275 1013 3348 honorem
1025 3275 1069 3349 de
1083 3278 1200 3377 Sappo

80 3453 84 3458 .
141 3386 355 3483 obtinebat,
379 3391 411 3464 ei
429 3417 503 3463 nou
527 3391 701 3489 permisit.
723 3390 793 3483 Qui
820 3389 1054 3463 Friardellum
1079 3393 1094 3489 (
1101 3393 1135 3488 ι)
1156 3393 1200 3464 ad

142 3529 226 3577 suos
243 3490 406 3604 paretites
425 3509 520 3603 (erat
537 3506 635 3578 enim
652 3505 696 3579 de
718 3504 823 3578 bonis
839 3503 1070 3603 parentibus)
1089 3504 1198 3595 abiit,
1274 3550 1280 3561 ι

142 3634 181 3692 et
194 3635 317 3718 postea
328 3619 404 3695 'fere
420 3647 469 3694 xv
481 3623 584 3694 annis
599 3600 732 3694 ibidem
744 3623 845 3692 vixit.
862 3621 1065 3719 Numquam
1080 3637 1199 3696 tamen

143 3735 376 3832 postmodum
391 3739 527 3835 integre
541 3738 611 3808 fuit
623 3763 740 3824 sanus,
756 3735 816 3809 sed
831 3735 974 3808 assiduis
987 3735 1201 3836 fatigabatur

146 3850 429 3924 infirmitatibus.
453 3853 615 3951 Denique
639 3879 719 3923 cum
744 3867 897 3925 mortem
923 3851 989 3923 sibi
1016 3853 1203 3926 imminere

182 4111 221 4178 (r)
233 4109 356 4163 Friardci
371 4113 432 4182 pris
446 4110 546 4167 Orbee.
