2910 4980
272 489 312 551 38
546 491 729 551 HISTORIA
751 489 1053 551 ECCLESIASTICA.
1226 496 1333 573 [1050]

273 608 389 681 lermo
402 616 438 678 et
451 605 637 682 Rodherto
649 605 731 679 liliis
742 607 888 682 Rodulli
900 608 1311 707 cognomento'Fraisnel
1320 666 1331 699 ,

273 724 394 797 decem
411 738 448 796 et
465 736 548 796 octo
567 722 685 810 libris;
705 725 796 796 sicut
814 720 977 796 tenuerat
997 751 1073 797 eam
1090 718 1235 825 quidam
1252 726 1333 800 uio-

274 838 409 912 nachus
425 841 572 913 nomine
588 841 760 913 Placidus.
779 843 954 915 Praeterea
973 841 1132 916 vendidit
1151 841 1334 916 llubertus

274 953 319 1028 de
335 954 471 1025 Uncins
490 955 547 1052 (1)
564 955 738 1053 praedicto
752 953 872 1027 abbati
889 955 1071 1029 ecclesiam
1087 957 1243 1056 ejusdem
1261 959 1335 1030 vil-

275 1073 320 1143 lae
341 1086 378 1144 et
394 1088 541 1170 arpenta
559 1088 679 1144 terrae.
702 1073 786 1144 llaec
808 1073 928 1145 omnia
944 1072 1143 1171 supradicta
1160 1075 1337 1179 concessit

263 1189 443 1261 ‚dominus
460 1214 587 1261 eorum
599 1188 829 1277 Willermus,
850 1188 944 1261 fitius
962 1188 1112 1262 Osberni
1130 1190 1332 1263 senescalci.

326 1306 411 1376 Post
422 1303 499 1377 haec
511 1304 728 1393 Rodbertus,
747 1305 842 1377 lilius
857 1302 994 1393 Geroii,
1010 1309 1173 1378 annuens
1190 1319 1227 1377 et
1245 1330 1335 1378 oon-

275 1420 422 1492 fi1mans
438 1446 674 1521 quaecumque
691 1421 818 1494 fratres
835 1437 870 1494 et
888 1438 1053 1520 nepotes,
1074 1422 1192 1520 ipsi'et
1207 1427 1335 1495 eorum

277 1533 441 1611 homines
453 1591 465 1626 ,
486 1538 660 1635 praedicto
676 1538 757 1612 loco
781 1539 1020 1626 donaverant,
1049 1537 1147 1610 dedit
1163 1539 1269 1612 etiam
1292 1539 1337 1611 de

278 1652 423 1751 praediis
445 1654 515 1726 suis
539 1655 604 1752 ipsi
623 1655 706 1728 loco
722 1656 892 1727 Sanctum
913 1655 1142 1742 Serenicum,
1166 1644 1338 1725 Sanctum

279 1771 428 1841 Petrum
452 1770 495 1842 de
512 1772 689 1844 Potestate
710 1771 817 1859 Nidi,
837 1786 872 1843 et
891 1796 1014 1843 omncs
1031 1769 1183 1842 decimas
1200 1758 1245 1841 ad
1264 1771 1339 1867 ipsa

278 1883 356 1955 loca
370 1885 604 1981 pertinentes,
618 1901 655 1958 et
665 1884 854 1958 dimidium
865 1884 1011 1984 virgulti
1025 1884 1144 1956 Sancti
1159 1883 1316 1956 Serenici
1325 1938 1336 1971 ,

277 2001 560 2101 piscationesque
579 2003 615 2073 in
637 2002 736 2074 Sarta
753 2000 796 2072 ad
815 2000 986 2100 placitum
1005 1999 1264 2075 monachornm
1288 1999 1337 2070 ibi

279 2115 539 2205 habitantium,
565 2132 792 2217 sanctamque
819 2118 968 2189 Mariam
995 2117 1038 2190 de
1061 2130 1186 2190 monte
1211 2114 1339 2187 Wan-

278 2232 393 2320 telen,
416 2233 661 2335 decimamque
679 2234 819 2306 Siralais
838 2249 967 2321 totam,
995 2232 1089 2306 etde
1108 2232 1246 2304 cunctis
1270 2230 1340 2304 ho·

279 2347 431 2445 noribus
453 2375 543 2447 quos
565 2351 639 2450 ipse
660 2350 851 2449 adepturus
872 2363 960 2422 erat.
985 2347 1121 2423 Deinde
1144 2345 1337 2435 liudulfus,

280 2464 376 2536 lilius
392 2463 606 2551 Godefredi,
621 2469 693 2562 ejus
710 2465 812 2538 miles
822 2465 920 2539 dedit
932 2465 1046 2537 eidem
1058 2463 1140 2536 loco
1156 2461 1340 2535 ecclesiam

281 2580 325 2652 dc
343 2580 469 2654 liadon
477 2635 488 2668 ,
508 2580 571 2654 illo
583 2583 812 2656 concedente.
827 2585 927 2656 luter
943 2581 1019 2654 haec
1034 2581 1178 2653 audieus
1193 2578 1340 2679 quidam

281 2698 383 2770 miles
397 2696 512 2770 bonus
531 2700 574 2772 de
595 2700 720 2773 llrocis
740 2700 860 2772 Wado
880 2699 1028 2772 nomine
1046 2696 1262 2770 condonavit
1279 2721 1341 2767 ec-

283 2815 424 2888 clesiam
449 2817 560 2886 sancti
589 2814 769 2888 Michaelis
795 2816 898 2886 sitam
922 2839 1029 2911 super
1053 2812 1147 2883 Arva
1176 2813 1214 2882 in
1247 2836 1339 2910 pago

283 2930 513 3023 Ebroicensi,
540 2930 849 3004 consentientibus
872 2929 1026 3002 dominis
1048 2928 1119 2999 suis
1141 2942 1178 3000 et
1200 2925 1283 2998 filiis
1304 2941 1341 3000 et

283 3048 491 3148 parentibus
508 3066 544 3122 et
560 3049 682 3120 amicis
699 3049 715 3144 (
740 3049 769 3146 ).

332 3167 396 3239 Hae
409 3181 494 3240 sunt
504 3165 728 3254 donationes,
747 3191 832 3265 quas
843 3163 1056 3236 Willermus
1073 3176 1108 3234 et
1121 3159 1337 3249 Rodbertus,

282 3282 415 3382 aliique
431 3283 572 3382 cognati
590 3308 714 3356 eorum
731 3281 890 3353 Uticensi
905 3277 1076 3352 coenobio
1093 3276 1285 3363 dederunt;
1305 3295 1340 3349 et

283 3414 417 3472 carum
434 3399 516 3472 inde
535 3399 704 3471 facientes
723 3397 916 3471 Willermo
939 3395 1020 3468 duci
1044 3394 1340 3468 Normannorurn

318 3717 356 3783 (1)
370 3715 499 3768 Anccins.
1022 3770 1026 3778 Ι
1204 3764 1208 3775 ἱ

319 3807 357 3873 (a)
376 3801 736 3864 Saint-Ceneri·le-Giroie;
757 3800 782 3853 la
796 3795 1047 3860 Poote-des·Nids;
1067 3794 1238 3860 Gaudelain,
1253 3793 1340 3858 Siral,

284 3892 391 3945 Radon.
406 3894 501 3960 Quant
514 3892 530 3942 a
542 3888 645 3961 l’eglise
664 3889 699 3941 dc
713 3885 921 3951 saint-Michel‚
940 3885 1026 3938 situe'e
1043 3901 1091 3938 sur
1101 3883 1191 3937 l'rlvre
1205 3892 1233 3935 et
1244 3900 1341 3953 appar·

283 3991 380 4034 tenant
397 3977 575 4044 al'Evreciu‚
596 3995 665 4031 nous
682 3977 743 4031 u‘en
758 3993 859 4047 voyons
871 3991 917 4046 pas
932 3972 1078 4027 d'autresa
1093 3973 1141 4044 qui
1156 3989 1200 4024 ces
1218 3970 1342 4024 denudes

284 4071 408 4140 puissent
422 4068 552 4121 convenir
565 4085 619 4138 quc
630 4064 697 4119 cello
711 4065 778 4117 dela
792 4063 912 4135 paroisse
924 4061 1123 4117 d’Alaincourt.
1140 4061 1176 4113 Le
1191 4070 1342 4132 patronage

284 4156 318 4208 de
341 4167 411 4209 cette
435 4173 499 4208 cure
514 4153 683 4226 appartenait
697 4151 744 4205 des
759 4170 812 4205 unc
824 4154 931 4222 equoque
944 4149 1000 4204 sort
1014 4149 1148 4204 reculeea
1165 4146 1285 4218 l'abbayc
1303 4145 1341 4198 du

286 4246 345 4297 llcc.
