2926 4980
197 388 307 467 [1080]
568 383 892 461 uteunoomros.
1208 389 1269 450 319

194 506 401 596 duraverit,
416 523 450 578 et
463 508 538 607 ipsi
543 522 698 607 propter
704 531 875 606 guerram
887 507 928 579 in
939 508 1034 579 atrio
1049 512 1247 582 manserint
1251 545 1269 598 ,·

194 622 344 696 nuliam
351 617 641 719 forisfacturam
663 621 783 693 abeis
805 621 998 723 episcopus
1015 620 1179 713 habebit,
1199 628 1273 698 nisi

195 765 312 840 quam
329 738 538 828 habuisset,
560 756 756 837 antequam
778 738 833 810 ad
852 739 986 810 atrium
1004 736 1266 840 corffugissent.

199 858 297 930 Cum
320 871 444 929 autem
459 880 546 956 pac
556 856 672 953 sacta
683 850 825 953 fuerit,
847 857 913 954 qui
924 873 1079 957 propter
1097 884 1271 957 guerram

197 973 290 1048 illuc
306 973 567 1074 corffugerant,
586 973 634 1045 de
657 974 752 1046 atrio
771 975 874 1045 exire
894 991 1085 1073 cogantur,
1105 995 1171 1050 aut
1189 981 1269 1080 epi-

195 1090 409 1192 scopalibus
427 1089 568 1189 legibus
586 1105 853 1190 supponantur.
874 1089 1045 1188 Quinem
1058 1093 1272 1193 inproedic-

194 1209 245 1281 tis
262 1209 448 1281 cinuteriis
464 1206 667 1303 antiquitus
686 1222 914 1294 manserunt,
934 1209 974 1279 in
990 1210 1145 1305 antiqua
1163 1214 1270 1311 quie-

198 1323 327 1396 tudine
336 1338 594 1424 permaneant.

245 1434 284 1539 92
311 1439 496 1514 Ecclesice
522 1439 695 1512 uillarum
720 1454 901 1537 quantum
921 1444 1087 1514 cimiterii
1112 1459 1271 1545 tempore

194 1556 376 1631 Radberti
385 1560 529 1631 comitis
541 1555 762 1647 babuerunt,
778 1556 839 1630 ael
854 1558 1035 1658 usquead
1049 1561 1145 1633 illud
1155 1591 1270 1664 supra
1330 1562 1333 1569 ’

193 1678 372 1774 scriptum
387 1675 586 1747 concilium
598 1670 820 1761 babuerunt,
836 1689 976 1745 tantum
989 1674 1169 1764 tubuas,-
1184 1696 1219 1751 et
1232 1685 1270 1752 in

195 1790 250 1865 eis
270 1790 356 1864 iilos
378 1789 659 1866 consuetudines
680 1789 840 1863 babeant
859 1792 1044 1893 episcopi,
1064 1819 1158 1891 quas
1180 1812 1272 1868 tcm-

188 1932 284 2008 pore
300 1907 477 1980 Rodberti
494 1907 635 1980 comitis
651 1905 713 1978 cel
733 1904 925 1978 Guillelmi
940 1908 1056 2005 regis,
1077 1911 1160 2010 ejus
1183 1938 1271 1985 con-

194 2046 319 2111 sensu,
332 2022 552 2113 babuerunt,
566 2023 641 2095 nisi
656 2023 818 2121 episcopi
828 2021 1045 2096 concedente
1063 2051 1147 2124 rege
1162 2026 1272 2099 Guil-

197 2135 304 2211 leimo
316 2140 481 2240 aliquam
491 2136 740 2238 quietudinem
739 2134 914 2236 fecerint.
928 2139 973 2211 Si
977 2156 1063 2240 post
1072 2144 1269 2216 concilium

195 2254 328 2356 aliqua
339 2256 489 2350 novaflt
503 2255 660 2329 ecclesia
674 2256 771 2327 intra
782 2255 915 2328 uillam
921 2255 1067 2356 ,faciat
1078 2263 1270 2363 episeopus

195 2372 411 2446 cinctorium
432 2373 722 2447 consideratione
742 2372 972 2448 dominorum
991 2391 1027 2449 et
1043 2379 1270 2478 parracbia-

195 2514 327 2562 norum
344 2491 512 2591 ejusdem
529 2489 707 2563 ecclesia.
727 2492 770 2564 Si
787 2516 872 2562 uero
895 2508 1004 2565 extra
1023 2492 1155 2566 uillam
1176 2522 1270 2571 nora

186 2604 237 2705 fit
253 2607 432 2695 ecclesia,
453 2607 616 2708 undique
638 2606 785 2682 babebit
800 2609 959 2709 quinque
972 2613 1140 2711 perticas
1161 2615 1271 2686 cirni-

196 2724 291 2796 terii.

251 2864 309 2912 10.
330 2838 376 2913 Si
399 2841 563 2913 donatur
577 2841 767 2916 monacbis
790 2839 968 2931 ecclesia,
993 2841 1185 2942 presbyter
1206 2849 1274 2944 qui

197 2959 364 3032 mmdem
372 2977 465 3033 tenet
474 2960 681 3048 ecclesiam,
691 2958 890 3059 honorifice
899 2961 1216 3060 teneatquidquid
1224 2963 1273 3037 de

196 3075 327 3152 eadem
343 3080 497 3152 ecclesia
519 3077 647 3151 babuit
654 3134 668 3168 ,
694 3092 894 3178 antequam
915 3077 1088 3153 monachi
1104 3106 1187 3152 eam
1206 3079 1272 3154 ba·

198 3191 340 3280 berent,·
354 3212 388 3266 et
400 3211 501 3268 tanto
514 3195 643 3267 melius
656 3211 793 3294 quanto
807 3194 1049 3267 sanctioribus
1063 3199 1272 3269 associatur

197 3306 415 3382 Mndribus.
440 3312 500 3383 Eo
525 3326 648 3384 autem
670 3329 809 3385 mortuo
832 3311 896 3385 vel
916 3312 1150 3411 aliquatenus
1174 3313 1271 3407 defi-

197 3426 329 3514 ciente,
350 3424 464 3498 abbas
488 3425 660 3499 idoneum
680 3445 822 3526 quarat
838 3427 1090 3529 presbyterum
1098 3485 1112 3519 ,
1133 3448 1169 3502 et
1189 3433 1272 3530 epi-

195 3569 306 3644 scopo
319 3569 401 3616 eum
414 3543 476 3615 cel
483 3572 557 3643 per
568 3572 627 3636 se,
642 3545 703 3618 uel
711 3573 784 3647 per
794 3551 958 3619 nuntium
972 3574 1078 3620 suum
1090 3548 1270 3622 ostendat.

200 3658 338 3757 Quem,
353 3662 389 3732 si
405 3662 635 3762 recipiendus
647 3680 716 3752 est,
733 3664 927 3764 episcopus
943 3667 1107 3765 recipiat.
1127 3664 1271 3741 Sicera

190 3774 381 3877 presbyter
395 3803 478 3848 cum
494 3777 680 3851 neonacbis
697 3779 867 3880 religiose
883 3781 1004 3853 vt'eere
1022 3779 1172 3854 voluerit
1180 3837 1193 3872 ,
1213 3790 1271 3856 υἰ-

196 3892 285 3966 deat
309 3910 348 3965 ut
373 3894 549 3985 ecclesia,
569 3922 680 3997 quam
699 3897 903 4001 episcopali
927 3896 1076 3971 licentia
1099 3903 1267 3990 intrarit,

196 4008 341 4084 honeste
353 4028 536 4104 tractetur,
550 4019 672 4087 tamin
684 4015 906 4088 vestimentis
916 4041 1028 4115 quam
1043 4014 1144 4088 libris
1158 4035 1193 4090 et
1201 4044 1271 4093 ca·

199 4129 281 4202 teris
299 4127 464 4203 ecclesia
480 4131 677 4204 servientia>
695 4133 930 4219 necessariis,
949 4131 1150 4209 secundum
1165 4137 1270 4236 ejus-
