2910 4980
94 441 202 520 107731
447 441 562 504 LIBER
583 441 767 518 QUINTUS.
1079 443 1139 505 377

127 558 555 659 x(=)[1077't]seditiosi
565 556 1138 661 tyronesRodbertojnveni‚regis

90 673 1139 774 ili0,ndulatisunt,eumqueadinutilesaususprovocantes‚

90 790 518 867 iixeruntzNobilissime
518 791 587 892 fili
593 796 700 892 regis,
712 793 848 893 utquid
857 795 895 865 in
903 797 1042 893 ingenti
1045 821 1141 895 pan-
1228 858 1229 862 ,

90 909 178 980 serie
185 907 314 1007 degis?
326 909 451 982 Patris
460 911 513 981 tui
522 908 693 982 satellites
702 909 826 1009 regale
833 913 887 982 sic
898 927 1039 982 servant
1050 937 1142 983 ara-

90 1028 186 1115 ·ium,
200 1042 239 1097 ut
250 1029 316 1098 nic
332 1052 444 1098 unum
461 1028 532 1099 tuis
545 1024 734 1098 clientibus
746 1025 963 1127 indepossis
976 1026 1065 1100 dare
1077 1026 1142 1098 de·

90 1140 238 1211 sarium.
252 1140 337 1213 Hoc
345 1143 470 1236 ingens
482 1138 547 1212 tibi
560 1155 613 1212 est
624 1139 784 1214 dedecus
796 1140 939 1214 etnobis
948 1139 1138 1229 danmam,

90 1253 238 1354 diisque
248 1256 433 1357 pluribus,
453 1257 554 1357 qnod
568 1262 622 1329 sic
638 1256 812 1330 alienaris
829 1285 855 1329 a
871 1260 980 1356 regiis
996 1258 1140 1358 opibus.

90 1371 162 1445 cnr
181 1371 250 1446 ltcc
268 1372 438 1473 pateris?
460 1373 532 1445 tlte
553 1375 675 1446 merito
700 1372 803 1446 debet
825 1374 970 1449 divitias
990 1374 1141 1465 nubere,

90 1490 148 1586 pei
162 1487 313 1587 largiter
330 1515 393 1563 eas
410 1492 512 1562 omni
526 1491 666 1589 petenti
681 1492 778 1565 norit
798 1491 1021 1564 distribuere.
1044 1491 1144 1564 Proh

90 1601 210 1677 tutor!
227 1619 292 1677 tua
309 1606 561 1679 miserabiliter
561 1603 750 1705 frustrata
766 1624 818 1681 est
839 1611 1011 1681 maxima
1026 1608 1144 1708 largi-

90 1736 159 1810 'tt-5,
177 1720 267 1794 dum
280 1739 313 1794 te
322 1747 394 1823 per
397 1724 520 1824 patris
533 1724 588 1794 tui
600 1727 827 1794 tenacitatem
843 1725 961 1795 nimia
973 1725 1146 1825 opprimit

90 1854 291 1936 teupertus,
303 1844 365 1939 qni
377 1839 446 1912 tibi
451 1866 548 1929 snos,
560 1842 633 1911 imo
642 1856 721 1912 taos
729 1843 958 1942 superposuit
967 1841 1142 1914 asseclas.

90 1953 166 2028 Hoc
174 2009 189 2043 ,
211 1981 233 2027 o
251 1970 392 2029 strenue
411 1960 486 2047 cir,
506 1956 685 2056 quamdin
700 1953 884 2056 perjeres?
899 1959 979 2030 Eia
995 1957 1149 2030 viriliter

90 2095 262 2171 neserga·
277 2101 301 2146 a
314 2078 475 2172 genitore
489 2091 549 2146 tao
560 2089 706 2174 partem
718 2077 823 2173 regni
834 2072 1005 2146 Albionis
1016 2079 1144 2173 exige,

90 2203 149 2261 an
167 2187 298 2261 saltem
313 2189 489 2263 ducatum
512 2216 659 2290 reposce
673 2188 938 2278 Nonnannia,
958 2216 1063 2289 quem
1082 2189 1148 2260 tibi

90 2301 306 2389 iamdudum
329 2305 505 2377 concessit
527 2330 651 2376 coram
677 2307 909 2404 optimatum,
934 2307 1000 2404 qui
1024 2303 1148 2376 adhuc

90 2434 217 2511 praeto
233 2436 332 2508 sunt,
351 2424 512 2520 agmine.
530 2421 617 2494 Non
634 2419 736 2492 decet
753 2438 786 2492 te
802 2419 940 2493 diutins
953 2422 1096 2522 perpeti
1111 2437 1149 2492 nt

90 2532 313 2608 dominentur
326 2536 392 2609 tibi
406 2536 591 2609 naturales
605 2538 698 2610 servi
713 2538 768 2609 tai
775 2593 789 2626 ,
807 2538 940 2636 tibique
955 2539 1065 2637 quasi
1079 2537 1149 2609 ad-

113 2859 158 2931 (ι)
176 2858 252 2914 Ileet
261 2859 317 2916 iort
329 2860 452 2928 difficile,
467 2861 536 2915 ainsi
546 2878 601 2934 qne
612 2877 681 2914 nous
690 2878 726 2914 eu
737 2876 820 2914 avons
828 2858 947 2930 dejiiait
955 2859 982 2914 la
990 2877 1147 2934 remaque,

90 2942 237 3018 l’miguer
248 2945 296 3002 des
308 2945 385 3002 dates
394 2947 458 3002 fixes
471 2949 486 3002 i
498 2965 543 3003 ces
552 2945 650 3003 details
665 2946 714 3001 des
725 2944 841 3019 leugues
851 2945 988 3020 querelles
999 2947 1048 3020 qui
1062 2964 1090 3000 se
1103 2964 1148 3001 re-

90 3032 265 3091 mutemus
274 3034 410 3108 plusieurs
422 3035 475 3090 sois
487 3044 567 3090 entre
583 3035 611 3090 le
622 3035 665 3089 roi
674 3033 836 3089 Guillnume
852 3043 882 3088 et
893 3051 943 3089 son
957 3033 1001 3088 fiis
1013 3033 1084 3088 aine.
1102 3033 1149 3087 Un

90 3139 198 3196 mse
208 3121 248 3177 dn
255 3122 324 3179 livre
334 3142 362 3177 tv
372 3123 533 3194 (ci-(lessus,
543 3141 572 3197 p.
584 3123 650 3197 ²59)
660 3122 816 3178 semblcrnit
828 3139 948 3196 prouver
956 3120 1070 3196 qn'elles
1081 3122 1150 3176 exis-

90 3210 231 3270 sientdes
247 3217 326 3290 10743
342 3212 497 3287 cependant
515 3231 584 3268 nous
597 3214 707 3269 u’nvons
716 3231 764 3287 pus
777 3230 828 3267 cru
839 3211 956 3285 pouvoir
967 3211 1059 3285 placer
1071 3222 1151 3267 avaut

90 3300 153 3381 078
171 3300 213 3356 les
225 3303 400 3358 evenemeuts
418 3303 520 3357 arrives
537 3306 553 3357 t
572 3302 680 3376 Laigle,
695 3312 724 3357 et
739 3302 788 3375 qui
801 3300 954 3374 paruissent
970 3301 1046 3357 avoir
1058 3300 1151 3355 donne

90 3412 135 3452 su
145 3408 187 3447 nu
199 3393 320 3464 premier
328 3391 427 3466 de'part
438 3392 474 3447 de
482 3392 598 3448 Robert.
613 3392 682 3447 L’un
693 3391 729 3447 de
740 3408 791 3446 nos
799 3391 965 3464 principsnx
973 3389 1067 3446 motifs
1078 3409 1094 3444 a
1106 3392 1150 3445 ete

90 3508 95 3538 ι
114 3479 233 3558 grmde
243 3480 385 3553 jeunesse,
401 3480 491 3536 meme
507 3484 525 3535 n
534 3491 606 3535 cette
623 3483 744 3554 ὲροφιε,
765 3477 800 3534 de
816 3478 876 3533 l'un
892 3478 941 3536 des
951 3480 1062 3553 princes
1070 3477 1120 3552 qui
1133 3496 1151 3551 y

90 3571 195 3628 rirent
210 3577 291 3642 part,
307 3569 411 3636 Heuri,
425 3571 460 3623 ue
472 3586 507 3623 en
522 3566 597 3624 1068.
608 3567 751 3622 peut-ene
764 3565 963 3634 (iesous-nous,
977 3568 993 3621 ὲ
1008 3563 1151 3638 l’exemple

90 3653 247 3716 moreat
258 3654 293 3709 de
305 3654 474 3721 worcester,
490 3664 617 3728 reportes
627 3672 671 3709 ees
687 3655 863 3709 evencmeuts
876 3672 912 3708 en
929 3670 1003 3729 ¹⁰77·
1018 3663 1047 3709 et
1059 3653 1151 3726 placer

90 3784 94 3802 s
114 3745 282 3801 discussion
298 3753 377 3800 entre
395 3744 555 3801 Guiilaume
566 3754 594 3799 et
610 3743 733 3812 Robert,
746 3761 846 3817 queve
861 3752 989 3798 recenter
1001 3753 1083 3797 notre
1101 3759 1150 3796 eu-

90 3854 157 3903 m,
172 3843 254 3888 avant
265 3832 290 3886 la
303 3833 435 3889 tentative
452 3834 487 3888 de
504 3833 610 3889 Rohert
626 3851 673 3887 sur
691 3832 717 3888 ie
733 3834 850 3889 chiteau
864 3832 899 3887 de
917 3833 1030 3902 Rouen,
1044 3832 1094 3907 qui
1108 3832 1152 3885 fut

90 3922 218 3983 :irione
232 3940 261 3978 sn
273 3925 385 3979 retrute
396 3924 462 3980 chen
478 3925 594 3997 Hugues
603 3924 638 3979 de
648 3923 850 3980 Chiteauueui.
863 3922 910 3980 On
923 3941 1001 3977 verra
1012 3921 1074 3995 plus
1088 3920 1150 3976 tard

90 4033 133 4071 ue
156 4011 200 4067 les
219 4010 290 4068 deux
311 4014 393 4069 nteits
414 4014 553 4069 successise
570 4013 605 4069 de
625 4024 705 4069 notre
719 4025 818 4069 auteur
830 4014 982 4088 patuissent
999 4011 1074 4067 avoir
1087 4010 1150 4084 plu-

90 4106 176 4159 ieurt
186 4099 279 4172 points
291 4100 326 4155 ‹le
340 4112 449 4157 contact
458 4112 537 4157 entre
556 4120 623 4168 eux,
638 4112 666 4157 et
676 4101 758 4176 qu'iis
768 4113 830 4158 sont
842 4099 1011 4175 compliques
1022 4100 1148 4155 d’eve'ne-

90 4199 177 4246 sente
189 4191 358 4262 posterieurs
370 4194 385 4245 is
397 4190 422 4247 la
436 4192 643 4248 reconciliation
656 4191 691 4246 de
709 4209 783 4265 ¹⁰79·
