2910 4980
191 383 300 461 [iuro]
522 392 527 407 ¹
558 383 675 493 ciana
695 384 888 458 Quassus.
1202 391 1260 451 ns

193 501 287 600 regia
313 500 347 572 vi
374 502 607 633 compescuit.
629 502 887 586 Tuncssestrae
903 504 1146 595 munitionem
1169 530 1262 580 con-

192 615 307 729 didit,
329 633 364 690 et
383 618 420 689 in
436 620 641 692 reversione
657 642 719 721 sua
734 619 828 718 apud
849 619 1011 692 Estasort
1036 619 1185 692 alteram
1203 623 1262 695 lo-

193 735 307 822 avit,
337 735 468 817 milites
489 751 526 808 et
550 735 736 809 alimonias
761 735 902 810 abunde
923 735 1150 837 utrobique
1142 765 1262 838 impo-

192 851 275 923 suit.
286 834 502 924 Perveniens
513 830 597 925 inde
609 850 846 925 Salesburiam
858 855 1003 951 praemia
1020 852 1195 927 militibus
1211 854 1261 926 ibi

192 991 293 1067 pro
273 982 373 1059 tanta
388 965 577 1040 tolerantia
592 967 786 1069 largissime
799 966 997 1057 distribuit,
1012 967 1263 1042 benemeritos

193 1081 430 1171 collaudavit,
450 1099 487 1163 et
508 1084 724 1182 cumgratia
745 1083 857 1155 multa
879 1083 1028 1156 dimisit.
1054 1086 1263 1158 Desertores

192 1215 313 1303 autem
329 1197 373 1271 ad
395 1198 470 1272 dics
487 1224 531 1271 xa
551 1199 645 1271 ultra
665 1184 857 1272 discessum
881 1200 1173 1273 commilitonum
1199 1225 1264 1299 per

193 1315 482 1417 indignationem
499 1317 673 1405 retinuit,
693 1343 803 1417 caque
821 1341 929 1423 poena
946 1313 1137 1403 delictiim,
1162 1315 1262 1416 quod

191 1437 290 1534 pejus
306 1416 456 1522 meruit,
477 1435 674 1533 castigavit.

240 1553 304 1624 Vl.
319 1552 405 1624 Post
418 1549 496 1626 haec
509 1551 724 1627 Guillelmus
738 1579 801 1627 rex
818 1553 1045 1627 Dominicam
1063 1555 1261 1649 Resurrec-

191 1669 329 1757 tlonem
345 1670 383 1740 in
401 1666 492 1741 urbe
508 1670 651 1743 Guenta
666 1668 877 1754 celebravit,
892 1668 955 1741 ubi
971 1670 1165 1745 cardinales
1184 1673 1263 1745 lto-

191 1774 308 1867 inauae‘
327 1787 485 1860 ecclesiae
508 1814 680 1862 coronam
703 1791 734 1877 ei
761 1787 971 1861 solemniter
994 1789 1259 1888 imposuerunt.

191 1904 282 1977 Nam
302 1906 539 2004 expetitione
559 1906 669 2005 ipsius
686 1905 889 1997 Alexander
909 1930 997 2007 papa
1021 1921 1093 1985 tres
1112 1907 1261 1980 idoneos

191 2023 220 2095 ei
238 2037 282 2094 ut
300 2023 482 2096 carissimo
498 2021 574 2095 filio
588 2022 764 2120 legaverat
779 2008 929 2094 vicarios
949 2051 957 2092 :
978 2018 1261 2095 Ermenfredum

190 2138 402 2236 pontificem
437 2139 685 2227 Sedunorum,
725 2153 761 2211 et
794 2137 884 2211 duos
914 2139 1108 2211 canonicos
1143 2139 1262 2211 cardi-

191 2254 289 2328 nales
303 2255 374 2352 (a).
392 2253 491 2346 Quos
507 2253 602 2353 apud
618 2279 656 2343 se
673 2279 797 2327 annuo
814 2242 940 2328 ferme*
948 2256 1063 2353 spatio
1082 2257 1258 2346 retinuit,

189 2370 337 2444 audiens
373 2388 409 2445 et
441 2369 624 2444 honorans
651 2398 711 2445 eos
736 2386 907 2471 tanquam
936 2372 1079 2470 angelos
1106 2372 1186 2444 Dei.
1218 2375 1260 2445 ln

190 2487 338 2562 diversis
356 2487 462 2574 locis,
481 2489 518 2560 in
537 2487 703 2589 plurimis
721 2487 873 2587 negotiis
889 2488 940 2559 sic
957 2513 1079 2587 cgere,
1099 2489 1191 2560 sicut
1210 2491 1262 2560 in-

189 2604 288 2706 digas
303 2607 486 2678 canonicae
502 2592 776 2679 examinationis
789 2620 825 2677 et
842 2604 1081 2678 ordinationis
1097 2607 1261 2705 regiones

191 2721 270 2796 illas
280 2722 465 2797 dinovere.
485 2724 641 2795 Maxima
659 2749 746 2797 vero
759 2750 799 2795 ac
812 2721 966 2811 utillima
983 2725 1142 2824 synodus
1155 2726 1263 2797 Win-

191 2842 347 2915 dresoris
373 2843 429 2940 (a)
451 2840 624 2915 celebrata
650 2857 703 2913 est
726 2867 824 2915 anvvo
847 2855 888 2913 ιιο
911 2852 999 2913 nxx⁰
1023 2840 1068 2914 ab
1091 2843 1261 2914 lncarna-

189 2960 293 3033 *tione
311 2940 470 3031 Domini.
493 2960 567 3031 Rex
584 2974 620 3031 et
637 2957 831 3031 cardinales
852 2958 968 3031 eidem
985 2958 1141 3032 concilio
1165 2986 1263 3058 prae-

192 3075 387 3179 sederunt,
419 3091 455 3147 et
492 3075 566 3146 illic
603 3071 815 3174 stigandum
852 3072 991 3173 pridem
1026 3067 1262 3174 reproliatnm

193 3190 416 3266 anathemate
431 3190 700 3290 deposuerunt
711 3190 882 3307 Perjuriis
894 3191 991 3262 enim
1009 3206 1045 3263 et
1060 3188 1262 3276 homicidiis

191 3282 403 3415 inquinatus
419 3324 514 3396 erat,
534 3335 601 3382 nec
622 3334 688 3409 per
711 3302 845 3383 ostium
869 3308 906 3379 in
928 3307 1262 3406 archipraesulatum

195 3428 399 3501 introierat.
419 3428 549 3500 Nama
574 3423 717 3499 duobus
734 3425 953 3526 episcopiis:
981 3425 1206 3498 Norfulcano
1228 3441 1264 3498 et

196 3541 388 3619 Guentano
407 3542 559 3617 nefanda
577 3543 786 3644 gradatione
802 3540 1010 3615 ambitionis
1028 3557 1064 3614 et
1089 3542 1264 3640 supplan-

196 3658 342 3753 laliouis
359 3659 576 3734 ascenderat.
597 3659 815 3759 Suffraganei
830 3682 975 3758 quoque
988 3656 1127 3757 aliquot
1137 3655 1263 3757 dejecti

206 3821 265 3829 ....
331 3824 372 3828 Ὕμ,
400 3824 409 3827 .,
433 3823 544 3828 ---.-,
566 3822 691 3829 ..ψ-..-

229 3895 268 3965 (r)
286 3893 460 3959 Ermenlrid‚
484 3893 587 3968 evaque
605 3893 640 3947 de
659 3893 741 3961 Sion,
757 3903 786 3947 et
804 3892 843 3947 les
861 3891 1011 3947 cardinaur
1027 3893 1122 3948 Pierre
1138 3904 1167 3948 et
1184 3895 1262 3948 Jean.

198 3984 308 4041 Gaenta
320 3995 363 4040 est
377 3985 566 4040 Winchester.

232 4077 270 4149 (a)
288 4075 436 4131 Windsor.
455 4077 491 4130 Le
508 4075 614 4130 concile
630 4075 707 4131 n’eut
726 4093 771 4148 pas
790 4073 846 4129 lieu
858 4073 926 4129 daus
938 4083 1009 4129 cette
1021 4071 1180 4139 residencc,
1196 4076 1263 4129 mais

200 4167 415 4234 tll'inchester,
430 4164 668 4222 immediatement
681 4166 760 4239 apres
772 4163 889 4238 Paques.
950 4159 954 4169 ’
