2926 4980
200 423 260 483 276
473 418 656 480 HISTORIA
678 418 984 482 ECCLESIASTICA.
1095 423 1257 502 [ooo-71⁴]

198 540 382 613 nationem
407 539 523 637 gentis
548 563 620 609 suae
648 553 685 611 et
710 534 953 638 principatum
977 540 1207 639 populorum.
1222 555 1258 613 et

197 655 506 731 conculcationem
523 654 778 741 inimicorum3
799 670 835 727 ct
855 653 932 728 haec
954 658 1074 730 omnia
1096 682 1175 729 non
1199 683 1257 729 ar-

196 797 341 848 morum
358 773 412 860 vi,
430 798 496 845 nec
509 771 681 845 effusione
698 772 898 872 sanguinis,
918 771 979 846 sed
993 772 1038 847 de
1057 798 1170 845 manu
1183 776 1259 848 Do-

196 891 287 961 mini
315 887 535 961 habiturum.
561 889 616 960 Eo
642 902 770 961 cuncta
796 889 924 961 ordine
949 889 1133 989 completa·
1154 905 1254 977 sunt,

197 1033 271 1107 quo
295 1034 314 1078 a
335 1008 415 1081 viro
439 1007 503 1078 Dei
527 1006 715 1078 vaticinata
740 1021 837 1077 sunt.
865 1005 958 1078 Nam
979 1007 1175 1082 Ceolredus
1196 1033 1257 1081 rex

195 1140 361 1195 mortuus
383 1137 456 1208 est,
479 1147 519 1193 ac
541 1119 753 1194 Edelbaldus
774 1148 927 1221 regnum
950 1127 1024 1221 ejus
1045 1140 1172 1196 nactus
1191 1139 1255 1197 est.

245 1237 440 1336 Completis
465 1239 502 1310 in
525 1263 646 1311 eremo
664 1262 712 1309 xv
733 1237 854 1326 anuis,
878 1239 1092 1312 venerabilis
1109 1239 1258 1313 Guthla·

196 1381 257 1427 cus
273 1372 356 1427 ante
380 1353 509 1426 Pascha
530 1369 655 1454 quarta
670 1353 760 1427 ferie
777 1369 951 1453 aegrotare
970 1357 1106 1455 coepit;
1126 1356 1186 1431 die
1205 1372 1259 1428 ta-

195 1496 277 1542 men
297 1468 438 1541 Paschae
455 1483 581 1541 contra
598 1469 691 1541 vires
709 1495 918 1569 exsurgens,
933 1471 1076 1542 missam
1089 1473 1257 1545 cantavit.

195 1588 354 1686 Septima
371 1610 456 1658 vero
473 1584 530 1658 die
549 1583 766 1659 infirmitatis
784 1587 908 1660 Beccel
928 1586 1065 1660 famulo
1079 1613 1146 1662 suo
1157 1589 1260 1688 jussit

196 1721 235 1775 ut
253 1720 336 1803 post
351 1700 493 1775 obitum
510 1728 615 1773 suum
629 1708 752 1801 Pegam
772 1728 934 1777 sororem
947 1730 1046 1776 suam
1060 1703 1147 1777 illuc
1161 1704 1259 1779 adve-

197 1821 275 1892 nire
294 1819 445 1906 faceret,
467 1834 503 1891 et
520 1816 564 1890 ab
584 1818 643 1890 illa
663 1844 793 1918 corpus
816 1824 891 1917 ejus
911 1820 1062 1894 sindone
1080 1821 1119 1894 in
1137 1846 1258 1897 sarco·

195 1936 326 2036 phago,
339 1961 447 2035 quam
464 1933 611 2035 Egburg
629 1935 680 2007 illi
696 1937 860 2029 miserat,
875 1937 1132 2012 involveretur.
1155 1941 1258 2013 Tunc

197 2051 258 2125 ille
279 2053 392 2151 coepit
413 2052 533 2123 virum
550 2052 613 2124 Dei
631 2078 713 2124 cum
731 2052 952 2153 adjuratione
967 2078 1096 2153 rogare
1113 2069 1157 2126 ut
1177 2070 1258 2129 ante

196 2167 422 2241 ¹suumfunus
433 2167 499 2240 sibi
516 2169 699 2242 intimaret
709 2170 789 2269 quis
801 2196 885 2242 cum
896 2185 1102 2245 comanect
1113 2198 1258 2272 vespere

196 2285 297 2386 loqui
305 2284 825 2385 quotidieaudiebatur.Almus
835 2287 1050 2375 Deiatlrleta,
1062 2305 1145 2387 post
1152 2287 1259 2362 modi·

199 2426 283 2475 cum
296 2401 538 2490 intervallum,
552 2400 721 2475 anhelans
730 2403 798 2474 ait:
810 2403 888 2474 Fili
897 2406 967 2493 mi,
978 2404 1106 2478 deltae
1118 2405 1261 2479 reselli-

199 2526 307 2595 citari
321 2520 408 2594 noli.
429 2519 542 2619 Quod
554 2522 677 2593 uitens
692 2520 760 2592 atti
767 2520 953 2594 hominum
967 2521 1135 2595 indicare
1142 2523 1257 2611 nolui,

199 2664 296 2711 nune
312 2622 380 2710 tibi
394 2636 652 2733 manifestabo.
675 2640 712 2709 A
728 2638 889 2711 secundo
909 2640 1039 2710 etenim
1059 2664 1171 2724 anno,
1190 2666 1260 2740 qua

199 2751 1259 2854 hanceremumnabitarecoeperammaneuespetuquescm·

196 2869 330 2970 per(1)
342 2866 600 2941 consolationis
609 2892 699 2940 meae
707 2868 761 2942 ad
768 2868 990 2969 colloquium
1003 2894 1123 2943 meum
1135 2871 1258 2944 Domi·

200 3011 269 3059 nus
281 2984 457 3076 mittebat,
470 2987 536 3084 qui
545 2984 637 3058 milti
645 2989 833 3082 mysteria,
846 3010 930 3086 quoe
941 3011 1014 3059 non
1028 2986 1113 3060 tua
1124 2987 1260 3062 homini

199 3125 382 3190 enarrare,
396 3100 620 3173 monstrabat
626 3132 641 3187 ;
652 3105 715 3200 qui
724 3101 899 3172 duritiam
908 3100 1042 3174 ἰαόοηζς
1055 3102 1258 3176 moi-cates·

200 3216 294 3290 tibus
316 3216 477 3290 oraculis
498 3214 709 3290 sublevabat
714 3249 731 3301 ;
753 3217 819 3314 qui
839 3215 1004 3290 absentia
1028 3215 1120 3288 miti
1136 3242 1256 3289 nwns·

200 3330 331 3404 trando
350 3348 389 3403 ut
403 3332 600 3430 praesentia
619 3329 878 3431 praesentabat.
899 3330 932 3403 Ο
945 3329 1031 3430 fili,
1056 3329 1136 3404 ltoec
1159 3331 1257 3405 dieta

199 3464 281 3520 mea
292 3471 461 3520 conserva
467 3503 480 3536 ,
495 3446 658 3544 nullique
669 3446 736 3519 alii
747 3448 966 3520 nuntiaveris
977 3447 1181 3546 nisi'Pegae
1196 3461 1258 3518 aut

199 3560 359 3660 Egbeuo
374 3559 608 3633 anachoritae.
623 3560 686 3632 His
698 3558 815 3650 dictis,
831 3560 945 3632 suavis
954 3559 1097 3632 odordc
1107 3584 1172 3632 ore
1185 3562 1257 3658 ejus

199 3678 406 3778 processisse
420 3676 652 3764 sentiebatur,
671 3677 720 3751 ita
733 3691 775 3748 ut
790 3691 902 3750 totam
914 3674 1063 3748 domum
1074 3692 1257 3749 nectareus

199 3795 291 3869 odor
303 3793 470 3892 repleret.
487 3793 602 3866 Nocte
613 3817 699 3865 vero
711 3794 888 3893 sequenti,
905 3792 992 3867 dum
1005 3791 1177 3890 praesatus
1190 3792 1257 3865 sva-

234 4095 242 4162 (
250 4096 271 4162 ι)
290 4095 403 4163 Ajorrtcz
418 4091 452 4144 ici
467 4089 491 4144 le
502 4100 559 4143 anot
575 4115 579 4142 :
596 4092 740 4161 aragelnm,
756 4107 810 4162 qne
824 4100 904 4144 notre
917 4100 1037 4144 attteura
1050 4088 1145 4144 oublie
1155 4088 1223 4146 daus
1233 4089 1256 4142 la

199 4184 392 4255 transcription
408 4181 442 4235 dc
454 4199 484 4235 ce
499 4197 618 4252 passage.
