2910 4980
569 368 890 447 ataaaonnrus.
1203 376 1259 436 371

202 490 334 594 quibus
359 492 506 566 fortuna
528 490 683 562 nimium
705 488 884 563 variabilis
902 491 1034 564 extitit.
1059 491 1112 565 De
1131 492 1262 592 quihus

202 609 341 708 prolixa
359 624 395 683 et
408 635 531 682 rerum
546 608 715 680 varietate
727 606 839 679 dulcis
856 606 1006 682 historia
1019 611 1260 710 compaginari

202 728 376 801 veraciter
390 727 410 799 h
426 724 592 798 studiosis
607 725 731 825 possit.

204 913 248 978 44.
344 908 446 964 Praeaul
459 904 617 973 Mamilius,
631 906 762 962 doctrinae
773 905 835 961 luce
847 906 980 975 refertus,

345 996 470 1051 Moribus
481 994 588 1051 eximiis
601 993 733 1067 praefulsit
745 1003 774 1048 et
785 992 892 1048 actibus
904 993 991 1048 almis.

203 1165 272 1237 Hie
290 1188 419 1263 genere
436 1161 685 1261 Maguntinus,
705 1161 743 1232 in
763 1158 854 1233 urbe
871 1158 1056 1234 Florentia
1073 1158 1268 1232 monachili

204 1278 377 1354 coenobio
393 1277 530 1350 abbatis
549 1281 628 1378 jure
650 1276 816 1377 praefuit,
839 1295 875 1351 et
893 1303 1019 1352 exosus
1037 1292 1270 1377 transgresso·

204 1394 307 1469 ribus
318 1420 385 1495 pro
397 1397 515 1494 rigore
526 1392 742 1491 disciplinae,
754 1418 935 1466 venenum
948 1394 987 1464 in
1003 1409 1095 1492 potu
1107 1392 1174 1464 sibi
1189 1418 1273 1491 pro-

203 1512 331 1612 pinato
347 1508 593 1609 deprehendit.
613 1508 718 1583 Unde
734 1510 995 1582 sanctissimum
1012 1526 1165 1610 patrem,
1185 1508 1272 1582 doc-

206 1644 395 1728 toremque
406 1626 639 1700 Benedictum
651 1639 804 1713 secutus,
819 1623 1082 1724 incorrigibiles
1096 1624 1269 1712 deseruit,

206 1747 309 1820 etin
334 1744 535 1817 Naustriam
562 1769 646 1814 cum
667 1741 845 1816 Gerherto
872 1743 1022 1841 sapienti
1047 1759 1083 1814 et
1105 1742 1271 1841 religioso

206 1858 387 1935 monacho
405 1876 566 1958 tempore
592 1856 765 1932 Johannis
792 1858 928 1930 abbatis
954 1860 1202 1958 compatriotae
1218 1860 1273 1930 sui

205 1980 423 2053 Fiseannum
437 1978 556 2065 venit,
577 1974 698 2076 ibique
719 1975 883 2050 stabilem
901 1976 945 2048 ad
963 1976 1103 2048 cultum
1123 2002 1272 2049 summae

209 2112 245 2170 et
263 2092 456 2166 individuae
472 2093 660 2165 Trinitatis
680 2091 940 2167 habitationem
959 2093 1028 2165 sibi
1046 2092 1165 2193 elegit.
1185 2092 1273 2166 lnde

207 2227 290 2313 post
308 2210 453 2312 aliquod
472 2226 610 2309 tempus
624 2210 855 2284 ecelesiastica
870 2211 1046 2285 electione
1059 2226 1272 2309 assumptus,

209 2329 396 2428 (deposito
419 2327 617 2427 Malgerio)
641 2328 964 2428 metropolitanum
987 2329 1125 2427 apicem
1150 2353 1273 2401 ascen-

207 2445 282 2532 dit;
311 2462 347 2521 et
369 2469 423 2516 xit
448 2445 576 2534 annis,
603 2460 766 2543 tempore
784 2445 959 2534 Victoris,
980 2443 1174 2544 Stephani,
1205 2443 1272 2516 Ni-

208 2563 298 2638 oolai
323 2577 360 2634 et
387 2559 579 2634 Alexandri
604 2586 776 2661 paparum
803 2563 947 2652 llornit,¹
978 2586 1151 2662 nonoque
1173 2585 1271 2635 anno

206 2680 420 2781 praesulatus
429 2679 481 2750 sui
494 2680 810 2779 metropolitanam
819 2679 999 2751 basilicam
1009 2678 1212 2778 dedicavit(
1235 2680 1266 2777 ).

207 2798 369 2896 Corpora
391 2823 478 2870 vero
499 2796 631 2868 ducum
652 2797 816 2871 Rollonis
838 2813 875 2871 et
893 2796 1076 2872 Guillelmi
1098 2824 1272 2871 reveren-

204 2931 263 2987 ter
288 2914 327 2985 in
354 2939 486 2984 sacram
511 2912 622 2985 aedem
652 2913 859 3000 transtulit,
882 2930 919 2987 et
942 2913 1132 2988 Rollonem
1156 2939 1269 3012 prope

199 3029 339 3105 ostium
355 3025 536 3113 Australe,
554 3042 590 3099 et
602 3027 838 3101 Guillelmum
855 3056 953 3102 secus
970 3031 1104 3102 ostium
1122 3028 1265 3128 Aquilo·

196 3144 285 3219 nale
301 3143 509 3231 tumulavit,
527 3158 564 3215 et
583 3143 760 3243 epitaphia
774 3171 902 3219 eorum
921 3172 1028 3245 super
1041 3144 1123 3218 illos
1139 3145 1268 3219 litteris

195 3260 321 3333 aureis
337 3259 535 3331 annotavit.
556 3258 721 3332 Rollonis
740 3277 860 3334 autem
876 3260 1001 3332 titulus
1023 3259 1101 3330 talis
1117 3275 1183 3331 est.

234 3590 278 3660 (ι)
297 3586 413 3642 Maurile
424 3586 591 3660 (septembre
602 3585 702 3660 1055-9
713 3588 780 3642 aoht
792 3586 877 3660 1067).
887 3589 1018 3644 Leaactes
1027 3588 1075 3644 des
1083 3590 1267 3666 archeveques

193 3680 238 3735 ‹le
251 3677 354 3732 Rouen
367 3687 430 3731 sont
441 3676 498 3731 loiu
510 3676 545 3730 de
557 3675 708 3731 s’aceorder
720 3677 934 3750 completement
947 3696 1010 3732 avec
1019 3688 1101 3735 notre
1109 3691 1208 3735 auteur
1220 3700 1268 3736 sur

194 3787 257 3825 zon
270 3777 389 3839 oompte.
407 3766 487 3821 Ainsi
499 3785 553 3841 que
566 3784 615 3821 sou
632 3766 776 3839 epitaphe‚
792 3766 826 3820 ils
842 3767 867 3820 le
879 3766 941 3821 font
951 3767 1040 3821 naltre
1054 3773 1068 3820 a
1081 3767 1189 3835 Reims,
1205 3773 1267 3825 etn-

190 3856 267 3911 ‹lier
282 3857 299 3909 b
316 3854 412 3926 Lie'ge,
427 3854 489 3926 puis
502 3854 580 3908 venir
596 3853 704 3909 habiter
719 3872 775 3909 une
789 3854 925 3927 premiere
937 3854 990 3908 fois
1005 3856 1123 3930 Fecamp
1141 3868 1220 3912 avant
1233 3858 1268 3912 de

189 3962 230 4002 se
241 3941 347 4000 rendre
358 3961 393 3996 en
407 3942 494 3997 ltalie.
511 3944 589 3997 Nous
599 3960 718 4016 pensons
729 3961 783 4016 que
798 3944 837 3997 les
850 3943 1007 3999 redactenrs
1019 3943 1055 3999 de
1067 3964 1111 3999 ees
1127 3956 1200 4000 actes
1217 3958 1266 4000 ont.

188 4037 248 4091 e‘te
261 4036 278 4086 a
290 4034 386 4104 porte‘e
406 4032 441 4086 de
461 4033 599 4088 recueillir
619 4033 668 4088 des
686 4034 920 4105 renseignements
938 4033 999 4106 plns
1018 4045 1108 4090 exacte
1128 4054 1182 4110 que
1199 4055 1267 4091 ceux

192 4125 255 4198 qui
268 4123 388 4197 figurent
400 4124 445 4178 ici.
1200 4121 1202 4125 ⁸
