2910 4980
172 504 276 581 [soso]
537 496 868 575 nasaounsus.
1172 498 1232 560 aas

172 621 299 699 {umus
321 646 385 694 rex
410 619 504 693 dixit
528 620 900 720 Sanuoni‘Bajocensi
927 618 1109 719 capellano
1138 646 1229 693 suo:

172 735 485 810 &nomomensis
512 737 745 839 episcopatus
772 735 877 809 sedes
902 761 970 808 suo
995 735 1153 808 uiduata
1180 751 1234 807 est

172 855 351 944 muare,
366 856 405 924 in
418 877 492 951 qua
506 853 649 926 volente
664 853 745 927 Deo
762 869 795 926 te
812 880 910 927 nunc
921 854 1006 927 uolo
1018 853 1229 952 subrogare.

172 969 421 1045 Cenomanis
436 994 462 1041 a
479 971 615 1043 canina
631 967 734 1043 rabie
751 968 875 1059 dicta,
891 969 975 1043 urbs
988 985 1042 1042 est
1055 970 1230 1068 antiqua,

172 1101 207 1159 st
223 1084 330 1188 plebs
351 1087 432 1186 ejus
442 1083 616 1185 finitimis
639 1101 693 1159 est
707 1111 854 1188 procae
876 1102 911 1158 et
932 1085 1231 1185 sanguinolenta,

172 1200 399 1302 dominisque
410 1205 487 1275 suis
496 1219 843 1302 sempercontumaa
851 1221 885 1277 et
894 1202 1097 1277 rebellionis
1107 1200 1232 1276 arida.

172 1319 408 1420 Pontificales
421 1321 534 1417 igitur
541 1319 702 1392 habenas
715 1319 782 1393 tibi
796 1320 938 1392 tradere
948 1319 1117 1411 decerna,
1129 1344 1235 1418 quem

172 1463 196 1509 a
215 1438 379 1539 pueritia
405 1438 537 1510 nutrivi
569 1453 604 1509 et
632 1440 757 1512 amari
780 1437 910 1511 sedulo
919 1495 932 1529 ,
964 1454 998 1510 et
1020 1463 1118 1510 nunc
1144 1439 1237 1508 inter

172 1552 354 1625 maximos
366 1553 471 1651 regni
480 1554 553 1623 mei
561 1578 727 1653 proceres
738 1553 934 1625 sublimare
946 1550 1123 1625 desidero.
1136 1551 1235 1623 Sam·

172 1691 238 1741 sou
262 1666 474 1765 respondit:
499 1668 710 1741 Secundum
732 1669 977 1770 apostolicam
1004 1667 1237 1741 traditionem

172 1800 311 1887 oportet
325 1786 536 1887 episcopum
555 1785 899 1886 irreprehensibilem
912 1812 1000 1860 esse.
1017 1787 1103 1886 Ego
1117 1802 1236 1857 autem

172 1903 212 1974 ia
232 1903 335 1976 omni
355 1906 434 1975 vita
456 1929 539 1975 mea
554 1930 633 1976 sum
652 1904 766 1976 ualde
783 1903 1090 2006 reprehensibilis,
1114 1904 1237 1975 omni-

172 2017 309 2118 busque
332 2021 459 2091 mentis
484 2036 518 2090 et
545 2026 703 2121 corporis
727 2037 814 2094 ante
837 2038 1069 2122 conspectum
1091 2020 1236 2092 deitatis

172 2160 253 2208 sum
269 2135 432 2236 pollutus
436 2135 605 2235 flagitiis
610 2193 623 2227 ,
647 2164 715 2209 nec
738 2153 881 2210 tantum
897 2137 1009 2210 decus
1031 2138 1237 2236 contingere

172 2278 339 2353 possem,
364 2277 434 2353 pro
458 2253 652 2327 sceleribus
676 2256 765 2326 meis
791 2256 901 2326 miser
926 2270 960 2326 et
983 2251 1233 2355 despicabilis.

172 2368 246 2442 Rex
264 2366 380 2440 dixit:
401 2368 571 2441 Callidus
587 2387 674 2443 eset
685 2373 949 2472 perspicaciter
962 2369 1067 2443 vides
1084 2370 1186 2469 quod
1198 2385 1236 2441 tu

172 2486 240 2558 rite
253 2503 484 2586 peccatorem
509 2503 542 2558 te
560 2487 723 2587 confiteri
744 2488 863 2561 debes.
887 2490 1032 2560 Fixum
1056 2504 1175 2560 tamen
1198 2489 1237 2557 in

172 2619 207 2674 te
229 2604 346 2675 statui
366 2605 598 2689 sententiam,
630 2630 697 2675 nec
716 2630 739 2674 a
762 2620 992 2676 testulutum
1018 2602 1234 2690 convellam,

172 2721 262 2818 quin
283 2723 532 2818 episcopatum
555 2722 758 2820 suscipias,
781 2737 846 2791 aut
868 2719 999 2810 alium,
1026 2721 1092 2818 qui
1106 2745 1179 2819 pro
1205 2736 1237 2790 te

172 2835 311 2936 proesul
325 2835 424 2934 fiat,
453 2840 638 2937 porrigas.
665 2838 727 2909 His
756 2837 885 2910 auditis
917 2839 1055 2937 gavisus
1086 2838 1236 2911 Samson

172 2954 224 3025 ait
248 2981 259 3025 z
285 2952 414 3041 Nunc,
444 2954 591 3027 domine
613 2957 667 3027 mi
691 2981 780 3044 rear,
800 2958 932 3055 optime
958 2955 1096 3028 locutus
1121 2982 1177 3046 es,
1202 2975 1237 3028 et

172 3069 227 3142 ad
241 3069 312 3143 ltoc
333 3072 518 3168 agardum
538 3071 829 3143 adminiculante
850 3072 931 3145 Deo
953 3098 1010 3144 me
1028 3088 1237 3173 promptum

173 3187 342 3260 invenies.
361 3188 463 3260 Ecce
481 3190 520 3259 in
537 3187 763 3289 capellatua
777 3191 992 3287 estquidam
1004 3214 1151 3288 pauper
1164 3189 1236 3260 cle-

173 3304 288 3391 ricus,
312 3304 378 3375 sed
398 3303 531 3376 nobilis
551 3321 586 3377 et
606 3305 694 3377 bene
709 3306 960 3404 morigeratus.
980 3304 1081 3376 Huic
1090 3332 1237 3405 praesu-

174 3414 289 3490 latum
308 3420 520 3490 commenda
535 3429 574 3490 in
590 3422 665 3492 Dei
682 3424 828 3507 timore,
848 3421 935 3519 quia
953 3420 1088 3520 dignus
1104 3438 1157 3493 est
1174 3421 1236 3519 (ut

174 3535 334 3631 osonio)
359 3534 428 3605 tali
448 3533 595 3607 bonore.
622 3537 709 3635 Regi
736 3553 855 3608 autem
880 3538 1130 3634 percunctanti
1155 3537 1236 3636 quis

172 3663 284 3739 esset,
306 3649 454 3721 Samson
476 3651 664 3748 respondit
684 3682 692 3721 ε
719 3651 873 3727 Hoellus
891 3651 1028 3724 elicitur
1047 3669 1083 3723 et
1102 3669 1154 3725 est
1169 3679 1237 3753 ge-

172 3790 254 3836 nere
276 3764 381 3838 Brito
390 3800 405 3852 ,·
430 3768 497 3838 sed
521 3768 668 3842 burulis
696 3786 749 3841 est
773 3785 808 3841 et
833 3796 954 3843 revera
979 3772 1093 3844 bonus
1117 3771 1233 3844 boma.

172 3879 256 3953 Mox
277 3879 428 3979 jubente
453 3911 536 3983 rege
561 3885 708 3959 Hoellus
732 3888 924 3959 accersitur
951 3888 1094 3987 ignarus
1120 3885 1235 3960 adhuc

172 3996 212 4067 ad
239 3996 329 4096 quid
357 4017 557 4073 vocaretur.
584 4003 746 4102 Cumque
771 4029 833 4077 rex
854 4008 1023 4102 juvenem
1048 4005 1085 4076 in
1107 4003 1234 4077 humili

172 4111 296 4185 habitu
322 4118 555 4190 macilentum
582 4119 744 4207 vidisset,
770 4121 951 4219 despexit3
982 4140 1018 4194 ct
1044 4148 1235 4195 conversus

172 4229 211 4300 ad
239 4232 447 4306 Samsoncm
469 4235 587 4307 dixis:
620 4239 738 4310 lsteue
761 4258 830 4328 est,
859 4267 963 4338 quem
992 4256 1029 4311 tu
1050 4257 1236 4340 tantopere
