2910 4980
122 436 130 450 ·
192 417 252 476 160
467 414 652 474 HISTORIA
673 413 977 476 EchEstAstlcu.

191 535 281 607 uicis
301 533 453 607 inseruit
476 534 530 632 (1)
545 562 555 620 3
582 535 620 606 in
652 532 784 635 quibus
810 536 920 611 multa
947 535 993 612 de
1015 532 1186 639 Rotnauis
1219 549 1255 612 et
1305 540 1307 547 '

190 651 336 724 Francis
348 665 386 724 et
399 649 619 740 Alamannis,
635 651 782 752 aliisque
793 650 974 754 gentibus,
994 679 1076 754 quae
1092 654 1252 754 agnovit,

192 769 330 841 utiliter
342 785 380 842 et
395 767 648 867 compendiose
664 769 872 844 narratione
888 769 994 872 digna
1011 771 1194 844 reseravit.
1208 773 1256 847 lu
1278 767 1281 774 ’

193 884 248 957 his
286 885 410 984 utique
436 883 616 959 chronicis
643 886 879 960 continentur
907 913 1033 961 omues
1053 886 1192 987 judices
1220 904 1257 963 et

192 1027 312 1101 reges,
338 1000 598 1102 pontificesque
621 1002 859 1076 Hebraeorum
882 1031 901 1076 a
924 1010 1048 1106 Moyse
1072 1031 1189 1104 usque
1213 1000 1258 1079 ad

193 1115 461 1192 subversionem
478 1117 810 1218 ierosolymorum,
829 1117 917 1191 dum
933 1117 1000 1193 sub
1017 1120 1158 1201 Titoet
1172 1119 1260 1196 Ves-

193 1237 338 1336 pasiano
358 1261 428 1335 pro
452 1261 540 1308 nece
564 1235 756 1310 Salvaturis
782 1251 819 1309 et
844 1254 1046 1337 martyrum
1068 1241 1143 1337 ejus
1164 1242 1260 1339 juste

192 1355 416 1429 destructum
434 1369 486 1426 est
501 1379 654 1454 regnum
669 1354 893 1429 Judaeornm.
916 1355 1048 1429 Omnes
1065 1355 1115 1429 ibi
1139 1355 1263 1432 nomi·

193 1488 331 1545 uantur
345 1471 509 1546 consules
524 1487 561 1545 et
574 1470 786 1561 dictatores,
806 1474 1039 1573 imperatores
1055 1491 1093 1550 et
1107 1473 1263 1574 pontifi-

194 1617 250 1665 ces
281 1593 551 1676 Romanorum
585 1616 711 1666 omnes
740 1617 885 1692 quoque
912 1618 1030 1692 reges,
1058 1594 1120 1693 qni
1146 1616 1262 1693 regno

196 1707 336 1807 Angliae
354 1705 608 1805 praefuerunt,
619 1731 662 1778 ex
679 1733 754 1807 quo
771 1709 921 1808 Hengist
937 1726 973 1783 et
989 1711 1102 1783 Horsa
1115 1707 1265 1782 Worti·

196 1850 309 1925 gerno
334 1824 409 1923 regi
436 1823 633 1896 Britanniae
658 1823 823 1898 scandalo
844 1825 1057 1899 Guallorum
1083 1825 1265 1900 militave-

196 1957 298 2013 runt.
317 1939 381 2011 His
397 1938 506 2012 etiam
521 1938 679 2040 episcopi
698 1938 878 2013 chronicis
894 1941 1055 2014 annotati
1074 1956 1179 2030 sunt,
1199 1941 1263 2041 qui

197 2059 356 2159 regimen
374 2057 650 2131 ecclesiasticum
677 2058 715 2130 in
732 2059 859 2158 Anglia
886 2074 1100 2149 tenuerunt,
1123 2087 1167 2133 ex
1188 2083 1264 2160 quo

197 2177 391 2278 Gregorius
424 2202 513 2275 papa
537 2175 780 2276 Augustinum
808 2194 844 2250 et
869 2177 1072 2265 Meilitum,
1104 2177 1265 2278 aliosque

198 2292 449 2394 praedicatores
474 2290 574 2364 verbi
600 2294 664 2367 Dei
691 2293 729 2365 iu
752 2292 919 2394 Angiiam
939 2294 1060 2383 misit3
1085 2319 1151 2394 per
1172 2316 1266 2394 qum

197 2413 293 2486 Deus
309 2409 545 2483 Adelbertum
569 2437 690 2507 regem
712 2411 848 2484 Cantiae
874 2428 911 2485 et
936 2411 1119 2485 Eduiuum
1143 2436 1267 2511 regem

198 2524 609 2628 Nordanhymbrorum,
629 2528 788 2628 aliosque
803 2528 984 2628 principes
1003 2526 1157 2628 ejusdem
1173 2552 1268 2629 geu·

200 2643 245 2715 tis
258 2642 305 2715 ad·
314 2640 422 2714 fidem
431 2642 593 2739 =veritatis
608 2643 788 2741 perduxit.
804 2646 858 2716 Ex
871 2642 925 2715 his
938 2643 1117 2742 opusculis
1131 2642 1269 2744 Engel-

199 2759 344 2848 bertus,
373 2755 638 2831 Gemblacensis
665 2758 882 2852 monachus,
908 2758 1073 2861 quaedam
1095 2759 1269 2859 praeclcru

200 2876 396 2972 decerpsit,
417 2889 453 2946 et
475 2874 597 2949 multa,
610 2873 653 2948 de
672 2873 726 2946 his
734 2930 746 2965 ‚
769 2902 852 2975 quae
877 2876 920 2949 de
938 2877 1109 2949 insulanis
1135 2876 1268 2949 Oceani

201 2992 331 3089 scripta
344 3005 461 3074 erant,
478 2990 514 3062 in
528 2990 658 3063 eisdem
671 2989 851 3067 chronicis
867 2992 1016 3081 dimisit,
1032 3008 1069 3066 et
1083 2991 1270 3065 nihilomi-

203 3135 270 3182 uus
288 3108 332 3181 de
349 3106 477 3181 Gothis
501 3122 538 3179 et
565 3108 679 3181 Hunis
706 3137 746 3183 ac
768 3110 904 3198 Persis,
933 3111 1081 3210 aliisque
1106 3106 1269 3182 barbaris

202 3221 368 3325 gentibus
395 3222 506 3294 multa
536 3221 676 3320 adjecit.
704 3224 773 3321 (a).
802 3225 888 3296 Haec
917 3224 996 3298 ideo
1022 3222 1105 3296 huic
1134 3222 1269 3296 chartae

238 3558 276 3629 (ι)
295 3555 409 3612 Florent
419 3553 453 3608 de
464 3553 633 3622 Worcester,
647 3565 676 3609 et
686 3572 741 3609 non
753 3571 800 3627 pas
811 3556 889 3623 Jean,
903 3573 917 3608 a
931 3556 1062 3610 continue'
1072 3553 1272 3630 iaChrouique

204 3649 238 3702 de
251 3644 301 3701 ¹sou
319 3644 474 3713 devancicr,
493 3662 550 3698 nou
562 3662 610 3716 pas
628 3642 750 3716 pendant
765 3645 828 3718 pros
841 3644 907 3698 d’nn
926 3642 1020 3711 siecle,
1039 3644 1107 3698 mais
1118 3643 1154 3699 de
1174 3641 1272 3702 1083st

209 3754 283 3810 1117,
296 3753 330 3788 en
343 3753 360 3805 y
373 3732 497 3802 ajoutant
509 3731 652 3802 beaucoup
665 3730 700 3785 de
711 3730 774 3786 faits
783 3730 886 3786 rolatifs
895 3734 910 3785 i
920 3730 1055 3786 l’histoire
1064 3729 1270 3805 d’Angleterrn.

205 3828 284 3881 Cette
292 3824 465 3895 Chrouique,
475 3821 614 3875 remauiec
621 3831 650 3876 et
657 3822 860 3894 continneepar
867 3820 921 3888 lui,
933 3823 999 3876 aete
1008 3821 1117 3895 publiee
1125 3824 1140 3874 a
1148 3821 1273 3879 Loudres

204 3933 239 3968 en
255 3913 334 3986 1592,
349 3921 378 3965 et
394 3909 569 3964 'aFrancsort
585 3927 620 3964 eu
638 3908 712 3978 1601,
728 3928 791 3964 sous
802 3909 827 3965 ie
840 3910 905 3964 titre
917 3911 1024 3964 suivant
1040 3934 1045 3962 :
1065 3909 1222 3966 Chronicon
1235 3929 1273 3966 ex

206 4003 353 4066 chronicis,
369 4000 405 4053 ab
419 4001 498 4052 initio
511 3996 609 4051 mundi
620 4018 707 4071 usque
719 3998 759 4053 ad
771 4017 877 4053 annum
885 4016 913 4053 u.
926 4017 950 4051 c.
965 4016 1028 4052 xvu.
1038 3997 1201 4053 deductum.

240 4093 277 4159 (u)
296 4090 424 4162 Sigebert
436 4089 470 4143 de
483 4086 665 4155 Gemblours,
680 4091 716 4143 ne
729 4107 788 4143 vers
806 4087 886 4156 1030,
902 4099 976 4144 mort
993 4088 1018 4144 le
1030 4087 1048 4144 5
1060 4089 1175 4144 octobre
1191 4106 1271 4156 1112,

208 4196 348 4251 composa,
364 4188 443 4232 outre
457 4187 550 4230 autres
565 4195 697 4250 ouvrages
711 4202 716 4230 ε
737 4177 890 4232 Chrorricon
903 4179 940 4232 ab
951 4198 1027 4232 anuo
1038 4175 1100 4244 ὅθι,
1114 4197 1169 4250 qua
1179 4178 1275 4232 Ense·
