2910 4980
94 418 302 495 [sossium]
465 417 582 479 traua
601 416 778 480 rannus.
1117 424 1157 481 77

94 552 219 611 autem
236 535 450 611 'leodericus
466 539 603 611 mundo
620 538 858 625 substractus,
877 540 1025 640 Deoque
1042 539 1159 614 dona-

95 668 179 742 tus,
203 677 281 726 nvn
300 654 404 725 annis
426 655 464 726 in
487 652 680 727 monachili
706 653 883 728 schemate
904 653 1012 739 vixit,
1039 670 1075 728 et
1095 681 1160 755 per

93 769 257 870 singulos
271 768 400 869 gradus
417 771 586 872 usquead
603 770 839 845 sacerdotium
862 770 1019 871 legitime
1036 798 1159 844 ascen-

93 887 183 960 dens
200 886 348 963 honeste
365 890 440 964 Deo
455 890 638 962 militavit.

144 1004 283 1079 Eodem
297 1021 458 1104 tempore
469 1006 582 1079 Wido
597 1023 839 1107 cognomento
853 1007 990 1080 Bollein
1006 1006 1155 1079 senioris

94 1117 220 1195 Geroii
241 1147 422 1221 pronepos
443 1148 525 1194 cum
549 1122 727 1197 Hodierna
749 1126 900 1222 conjuge
922 1148 981 1195 sua
1008 1123 1047 1194 in
1066 1146 1158 1219 pago

95 1233 334 1311 corboniensi
355 1237 617 1311 honorabiliter
638 1237 801 1338 vigebat,
824 1239 916 1311 etin
939 1237 1066 1310 ordine
1086 1243 1159 1309 mi-

94 1350 191 1424 litari
219 1352 354 1426 divitiis
379 1354 568 1452 ampliatus
597 1381 675 1428 rem
701 1380 801 1425 suam
825 1351 972 1426 honeste
998 1349 1156 1450 regebat.

95 1468 189 1541 lluic
205 1485 308 1543 erant
321 1470 441 1568 plures
457 1471 522 1543 lilii
539 1501 548 1543 :
565 1471 796 1544 Normannus
812 1486 849 1545 et
861 1471 1080 1558 Walterius,
1095 1470 1158 1570 qui

94 1580 235 1657 militiae
256 1585 440 1659 laboribus
456 1586 720 1676 deservierunt,
740 1588 947 1663 Goisfrodus
965 1614 1110 1689 quoque
1123 1602 1160 1659 et

94 1696 310 1774 Willermus
325 1717 567 1800 cognomento
580 1701 794 1801 Gregorius,
808 1705 870 1803 qui
884 1703 1013 1775 litteris
1029 1700 1158 1775 imbuti

95 1827 243 1888 stemma
273 1816 459 1927 sacerdotii
488 1819 582 1891 nacti
612 1835 711 1892 sunt.
737 1819 911 1891 Praefatus
934 1819 1039 1893 Wido
1066 1834 1160 1891 nutu

95 1929 159 2005 Dei
182 1946 220 2005 et
242 1933 414 2007 instinctu
440 1934 613 2009 Rodberti
639 1934 799 2022 abbatis,
828 1937 968 2035 cognati
995 1934 1160 2010 videlicet

95 2046 170 2137 sui,
189 2048 374 2124 Uticenses
395 2052 552 2124 multum
571 2051 718 2134 ditexit,
734 2068 771 2125 et
786 2051 1021 2124 Willermum
1043 2050 1158 2122 filium

95 2188 221 2253 suum,
241 2167 304 2267 qui
325 2182 412 2241 tunc
429 2167 542 2243 ferme
560 2184 693 2244 novem
712 2194 892 2242 annorum
908 2182 1002 2254 erat,
1021 2168 1159 2240 mundo

95 2278 237 2383 sibique
257 2281 450 2372 abdicavit,
468 2287 616 2385 Deoque
635 2283 701 2357 sub
725 2282 918 2358 monachili
937 2287 1025 2382 jugo
1045 2283 1082 2354 in
1103 2309 1159 2354 ec·

95 2397 198 2484 clesia
213 2400 371 2475 Uticensi
387 2403 625 2490 serviturum,
646 2402 685 2475 in
701 2402 759 2475 die
774 2400 976 2476 festivitatis
993 2399 1157 2471 omnium

95 2515 311 2610 Sanctorum
321 2518 478 2591 tradidit.
491 2519 817 2592 TuncWillermus
827 2517 1044 2617 Praepositus
1057 2514 1158 2588 miles

94 2633 276 2737 egregius,
298 2634 460 2735 proedicti
480 2637 582 2735 pueri
602 2634 818 2724 avunculus,
841 2636 1023 2710 ecelesiam
1036 2632 1080 2706 de
1093 2631 1158 2703 ΑΙ-

94 2775 207 2851 geron
222 2751 377 2851 (1)cum
389 2768 465 2826 tota
478 2754 561 2826 villa
581 2755 714 2828 Sancto
734 2751 886 2828 Ebrulfo
906 2752 1024 2841 dedit,
1045 2767 1158 2841 etse,

97 2880 283 2969 totamque
307 2868 516 2945 substantiae
537 2898 612 2946 susc
632 2887 773 2972 partem
799 2873 835 2945 in
860 2871 933 2946 fine
954 2896 1020 2943 suo
1043 2868 1159 2943 eidem

95 2996 253 3083 patrono
270 2983 423 3061 fideliter
434 2988 592 3062 devovit.
608 2986 731 3061 Gratia
746 2988 810 3062 Dei
824 2986 1057 3061 Willermum
1071 3011 1161 3084 pue-

97 3126 181 3174 rum
194 3098 301 3176 bonis
314 3103 476 3179 moribus
487 3105 692 3194 adornavit,
709 3120 745 3179 et
763 3106 800 3178 in
813 3103 920 3179 bonis
933 3102 1059 3177 studiis
1071 3102 1159 3201 vigi·

97 3216 234 3293 lantem
249 3221 383 3309 effecit3
401 3223 497 3296 unde
513 3250 532 3296 a
545 3224 703 3324 praelatis
717 3225 789 3297 suis
805 3223 1001 3323 Gregorius
1018 3245 1158 3320 cogno-

96 3334 231 3407 minari
243 3337 388 3409 meruit.
405 3339 472 3411 llic
493 3339 530 3411 in
547 3340 686 3440 gremio
703 3353 835 3412 sanctae
852 3338 976 3410 matris
991 3333 1159 3408 Ecclesiae

97 3448 291 3551 diligenter
312 3451 501 3543 educatus,
523 3470 560 3529 et
581 3455 735 3528 omnino
757 3481 776 3526 a
798 3452 925 3525 mundi
951 3450 1104 3549 strepitu
1123 3461 1160 3521 et

100 3565 233 3640 carnali
251 3566 339 3641 luxu
354 3584 537 3663 remotus,
559 3570 639 3644 utili
662 3571 832 3659 scientia,
851 3594 934 3669 quae
957 3561 1159 3665 hujusmodi

98 3681 267 3757 Ecclesiae
277 3680 361 3763 filiis
372 3686 526 3759 maxime
537 3692 723 3785 competit,
737 3683 910 3758 nobiliter
920 3681 1055 3757 lloruit
1068 3678 1160 3751 Nam

99 3800 236 3899 peritus
258 3799 373 3877 lector
394 3800 466 3874 luit
487 3817 525 3876 et
545 3818 685 3891 cantor,
708 3801 981 3902 praecipuusque
1005 3795 1162 3896 scriptor

99 3929 136 3986 et
154 3913 337 3989 librorum
360 3916 595 3992 illuminator.
615 3918 731 4016 Opera
752 3943 923 3990 manuum
944 3917 1018 4014 ejus
1040 3912 1085 3986 ad
1108 3910 1162 3984 le-

134 4162 144 4231 ί
149 4166 173 4232 ι)
187 4162 628 4250 &int-hquilindcs-Augerons.
