2910 4980
560 409 678 470 esaan
698 408 881 485 orturus.
939 454 942 462 .
1191 412 1250 474 no

191 531 235 605 de
254 532 477 631 eleemosyna
497 531 535 602 S.
556 530 727 603 Germani
750 529 794 602 dc
816 527 1050 604 Alberi-Vioo
1070 532 1138 629 (t).
1161 532 1252 606 Hel·

190 649 262 738 vis,
275 674 380 722 soror
393 645 547 747 ejusdem
561 645 765 732 Guillelmi,
782 661 901 719 totum
917 646 1129 745 mariagium
1145 674 1249 721 suum

189 767 235 841 de
251 765 488 840 Alheri-Vico
507 764 605 838 dedit
626 766 664 837 S.
691 765 818 852 Petr03
838 763 936 865 quod
958 764 1032 864 ipse
1051 781 1138 837 tunc
1161 791 1251 840 con-

191 886 307 959 cessit.
326 886 475 982 insuper
491 884 528 955 in
544 881 666 957 eadem
677 883 759 955 villa
773 883 945 957 decimam
963 881 1153 956 hominum
1168 909 1251 956 suo·

191 1028 274 1073 rom
290 999 493 1073 Raimboldi
513 1015 550 1072 et
566 997 737 1071 Radberti
755 997 922 1072 Haeretici
945 1015 981 1071 et
996 998 1168 1072 Gualonis
1185 999 1250 1072 filii

191 1115 328 1189 Safredi
346 1116 520 1214 adjunxit.
539 1116 714 1187 Praeterea
733 1113 826 1188 idem
843 1115 1056 1188 Guillelmus
1077 1116 1251 1188 concessit

191 1233 229 1304 S.
244 1233 352 1305 Petro
363 1231 407 1305 de
419 1231 548 1304 Norun
562 1255 686 1303 omnes
699 1229 860 1302 ecclesias
873 1245 909 1304 et
922 1231 1074 1304 decimas
1087 1232 1252 1305 omnium

190 1347 412 1421 locorumin
432 1346 557 1447 Anglia
574 1373 635 1419 seu
654 1346 896 1435 Normannia,
918 1347 974 1420 rel
993 1349 1148 1421 inomni
1172 1349 1252 1422 loco

190 1462 410 1565 ubicumque
435 1463 554 1538 honor
578 1464 610 1536 ci
640 1479 813 1536 cresceret
825 1491 837 1552 3
867 1463 1111 1564 decimamque
1141 1466 1251 1538 totius

190 1583 420 1681 possessionis
436 1608 510 1654 suae
525 1613 533 1652 :
548 1579 713 1654 videlicet
727 1607 921 1679 equarum,
936 1607 1123 1653 vaccarum
1137 1596 1173 1656 et
1191 1607 1253 1653 ca·

190 1722 351 1793 seorum,
370 1696 607 1796 omniumque
622 1721 743 1768 rerum
761 1695 805 1768 de
827 1695 958 1794 quibus
979 1694 1151 1768 decimam
1168 1695 1252 1768 dare

190 1829 322 1910 posset.
362 1812 536 1884 Similiter
570 1810 744 1884 concessit
776 1810 952 1910 quidquid
987 1809 1149 1885 homines
1179 1815 1254 1911 ejus

191 1926 230 1999 S.
255 1927 411 2001 Ebrullo
432 1928 517 2001 dare
540 1943 602 2000 aut
626 1925 778 2001 vendere
803 1927 1005 2015 voluerint,
1032 1944 1181 2026 excepto
1207 1950 1256 2002 ne·

150 2059 153 2066 '
191 2044 378 2116 servitium
394 2044 461 2118 sibi
479 2042 642 2116 debitum
657 2043 849 2115 amitteret.
865 2045 995 2116 Totam
1010 2070 1098 2118 vero
1113 2060 1252 2142 partem

191 2157 400 2234 substantiae
417 2187 491 2234 suae
505 2161 699 2248 concessit3
716 2161 764 2232 ita
781 2175 823 2233 ut
838 2160 920 2234 inde
936 2160 1155 2235 coenobiales
1170 2189 1253 2235 mo-

191 2272 295 2346 nachi
315 2276 352 2347 S.
377 2274 519 2347 Ebrulfi
535 2292 618 2373 post
637 2291 793 2350 mortem
809 2276 882 2373 ejus
899 2275 1126 2349 medietatem
1142 2302 1252 2349 unam

190 2388 368 2481 habeant,
404 2393 580 2493 aliamque
605 2393 831 2467 medietatem
857 2393 1022 2467 monachi
1048 2393 1093 2468 de
1122 2393 1252 2467 Norun

190 2510 382 2582 retineant.

240 2626 325 2699 llaec
355 2629 478 2701 omnia
501 2628 707 2702 Willclmus
735 2646 772 2702 et
799 2629 939 2702 Leclina
968 2655 1061 2703 uxor
1088 2633 1161 2728 ejus
1189 2631 1252 2728 (ut

190 2740 368 2840 diximus)
391 2743 466 2815 Deo
488 2770 556 2842 pro
579 2743 692 2817 salute
714 2769 796 2831 sua,
817 2769 1035 2844 suorumque
1052 2746 1252 2818 amicorum

192 2858 304 2934 libere
331 2878 606 2951 concesserunt,
635 2877 672 2934 et
697 2860 899 2961 hujusmodi
925 2862 1190 2936 concessionem
1213 2864 1252 2935 in

192 2975 350 3072 capitulo
365 2976 402 3048 S.
422 2974 563 3049 Ebrulfi
586 3003 708 3050 coram
730 2977 993 3051 monachorum
1014 2995 1196 3054 conventu
1216 2995 1252 3053 et

192 3093 358 3192 plurimis
385 3093 533 3168 testibus
563 3096 776 3195 generaliter
805 3095 1122 3169 confirmaverunt.
1148 3099 1252 3168 Tunc

195 3211 269 3309 ipse
290 3211 519 3300 Guillelmus,
548 3211 592 3284 ad
616 3213 780 3314 suffragia
804 3212 977 3300 fratrum,
1007 3215 1069 3313 qui
1097 3212 1141 3285 ad
1166 3240 1253 3287 con-

193 3328 405 3402 struendum
425 3331 519 3429 apud
541 3330 669 3404 Norun
690 3331 813 3405 cellam
836 3331 920 3402 ituri
941 3347 1063 3418 erant,
1085 3356 1131 3403 xt
1157 3357 1254 3402 mar·

195 3468 257 3516 cos
273 3447 409 3544 argenti
428 3448 591 3519 cominus
608 3447 783 3545 porrexit.

198 3821 246 3858 sur
257 3804 283 3858 lc
295 3804 404 3877 plateau
419 3809 467 3880 qui
481 3810 574 3881 separe
590 3806 615 3862 la
629 3806 713 3862 vallee
730 3807 764 3861 de
783 3807 892 3862 Livarot
904 3806 939 3861 de
957 3806 1023 3862 oelle
1039 3806 1087 3862 des
1104 3807 1253 3861 llloutiers-

198 3894 317 3951 Hubert.

232 3985 270 4053 (r)
289 3984 552 4053 Aubri-lc-Paatou‚
571 3997 649 4041 entre
662 3986 688 4041 la
704 3988 821 4060 Touque
834 3996 863 4040 et
877 3987 902 4040 la
916 3987 979 4044 Vie.
996 3986 1070 4040 Nous
1084 3987 1215 4058 ignorons
1226 3985 1252 4039 la
1363 3991 1365 3995 ’

198 4072 288 4125 raison
302 4090 374 4144 pour
385 4074 500 4148 laquelle
513 4077 539 4129 le
552 4095 616 4131 nom
628 4076 663 4130 de
677 4087 748 4132 cette
760 4094 907 4131 commune
920 4097 934 4131 a
948 4078 992 4130 dte'
1004 4077 1082 4132 exclu
1094 4076 1129 4131 de
1141 4075 1166 4130 la
1179 4087 1254 4133 carte

200 4160 234 4216 de
247 4162 366 4231 Cassini,
380 4176 407 4219 et
421 4165 556 4238 remplace
568 4185 617 4238 par
626 4165 696 4221 celui
710 4166 874 4222 d'Osmond.
