2910 4980
276 398 336 461 tat
554 398 737 459 ntsroun
761 397 1066 459 ccctrsnsncl.
1135 400 1346 477 [anama]

276 517 416 591 latenus
435 518 654 590 successione
673 516 726 590 vel
747 519 948 590 mutatione
963 516 1146 590 haeredum
1162 517 1347 591 Manlien-

276 636 323 707 sis
350 635 493 709 ecclesia
523 633 736 733 praedictum
763 635 901 708 donum
927 635 1114 734 perderet,
1141 637 1347 734 meritoque

278 780 345 852 pro
358 752 544 825 animabus
562 753 721 826 filiorum
735 757 809 852 ejus
826 784 834 824 :
851 755 962 840 Petri,
978 752 1120 824 Arnulli
1133 768 1170 824 et
1182 753 1343 840 Milonis,

277 872 504 969 aliorumque
534 872 733 943 amicorum
759 875 833 970 ejus
862 871 978 942 Deum
1002 871 1139 968 jugiter
1163 886 1343 943 exoraret.

278 989 401 1060 Paucis
423 988 578 1089 denique
606 990 791 1061 transactis
813 987 957 1076 diebus,
982 989 1135 1089 contigit
1151 987 1345 1086 praefatum

277 1105 440 1180 Odonem
471 1105 660 1178 infirmari.
680 1107 736 1177 Ex
759 1133 829 1206 qua
858 1105 1084 1191 infirmitate,
1111 1104 1211 1177 velut
1226 1103 1346 1180 bonus

279 1223 373 1295 filius
399 1224 443 1296 de
464 1224 603 1322 flagello
623 1225 754 1323 patris,
776 1223 952 1322 proficere
969 1224 1134 1322 cupiens,
1155 1226 1345 1322 conjugem

276 1366 375 1410 suam
404 1339 621 1425 Beliardem,
653 1365 789 1411 nurum
817 1364 963 1439 quoque
992 1366 1091 1410 suam
1118 1339 1342 1423 Corneliam,

278 1455 388 1527 liliam
409 1481 553 1556 quoque
575 1454 732 1526 Siciliam
755 1455 835 1526 cum
856 1480 989 1553 genero
1011 1479 1077 1525 suo
1098 1453 1281 1527 Gaulredo
1303 1454 1346 1524 ad

277 1598 313 1643 se
338 1571 568 1654 convocavit,
594 1571 715 1670 eisque
744 1567 1009 1655 annuentibus,
1040 1595 1165 1641 omnes
1192 1569 1345 1641 decimas

278 1713 356 1758 suas
382 1687 477 1772 Deo,
502 1700 705 1784 sanctaeque
732 1686 856 1758 Mariae
880 1685 1037 1758 donarit.
1059 1685 1162 1758 Unde
1183 1684 1345 1783 praefatae

279 1804 464 1888 mulieres,
492 1830 669 1874 unacum
696 1803 899 1890 Gaulredo‚
928 1831 970 1877 ex
997 1802 1133 1877 Odonis
1162 1820 1344 1903 praecepto

277 1919 474 1992 Ecclesiam
499 1920 701 2018 petierunt,
731 1936 767 1992 et
789 1920 927 1992 donum
948 1946 1055 2018 super
1079 1921 1189 1992 altare
1213 1945 1344 2018 posue-

278 2053 380 2107 runt.
404 2035 486 2127 Quo
502 2037 611 2123 lacto,
632 2034 845 2134 aegritudine
864 2038 1141 2135 ingravescente,
1161 2035 1276 2107 factus
1294 2051 1345 2107 est

278 2151 413 2225 ibidem
430 2151 646 2240 monachus,
670 2169 706 2224 et
731 2155 765 2224 in
786 2152 980 2225 infirmaria
1004 2152 1267 2228 monachorum
1286 2156 1344 2251 ja-

279 2270 354 2342 cuit
367 2293 391 2339 x
406 2268 544 2341 diebus.
564 2272 701 2341 lnterea
715 2270 1068 2358 Gualteriusaudax,
1088 2270 1181 2342 filius
1198 2273 1287 2367 ejus,
1303 2269 1345 2341 de

280 2384 562 2481 Trecassi110(1),
577 2383 637 2456 ubi
647 2383 709 2455 diu
717 2401 876 2457 moratus
885 2385 1014 2471 luerat,
1024 2385 1180 2473 advenit,
1191 2401 1346 2484 patrem·

278 2528 349 2600 que
366 2498 482 2571 adhuc
501 2501 677 2573 virentem
697 2503 844 2601 reperit.
859 2502 888 2572 A
906 2528 980 2602 quo
994 2517 1152 2602 rogatus,
1167 2502 1344 2602 quidquid

278 2619 422 2717 genitor
440 2618 608 2690 Ecclesiae
626 2620 690 2691 Dei
710 2618 876 2707 dederat,
896 2635 933 2690 et
951 2636 1115 2717 parentes
1132 2619 1185 2690 sui
1205 2646 1345 2691 annue-

278 2749 381 2820 rant,
403 2735 475 2833 ipse
491 2735 665 2808 concessit
682 2765 690 2805 :
709 2736 776 2806 tria
791 2734 1087 2834 videlicetjugera
1107 2752 1235 2819 terrae,
1255 2736 1345 2807 duos

279 2851 353 2920 vini
375 2850 514 2922 modios
538 2877 761 2949 unoquoque
779 2878 896 2940 anno,
917 2877 1042 2926 omues
1065 2852 1232 2937 decimas,
1258 2879 1345 2951 quas

279 2981 379 3062 pater
397 2967 471 3061 ejus
491 2964 692 3063 possederat
712 2968 748 3037 in
769 2992 932 3054 annona,
954 2970 991 3040 in
1008 2970 1094 3042 vino
1111 2983 1148 3040 et
1166 2969 1202 3039 in
1221 2968 1346 3065 primi·

279 3080 347 3150 tiis.
363 3077 524 3171 Quarum
535 3081 699 3153 omnium
710 3109 852 3169 rerum,
867 3101 1014 3156 mortuo
1027 3098 1127 3181 patre
1139 3099 1175 3155 et
1187 3081 1343 3180 sepulta,

278 3195 481 3267 Gualterius
504 3194 642 3267 donum
666 3223 772 3294 super
793 3198 903 3270 altare
927 3199 964 3269 S.
988 3199 1052 3270 Dei
1074 3198 1258 3296 genitricis
1281 3223 1346 3295 per

279 3337 394 3383 uuum
414 3310 548 3382 librum
567 3315 665 3384 misit
677 3344 687 3399 ;
708 3329 745 3386 et
768 3330 906 3413 patrem
933 3316 1108 3401 imitatus,
1139 3313 1209 3385 huc
1222 3341 1345 3415 usque

277 3429 394 3502 bonus
411 3429 673 3504 monachorum
691 3433 828 3504 vicinus
847 3433 976 3507 extitit.

327 3548 507 3645 Tempore
524 3549 685 3646 Hugonis
702 3549 745 3620 de
757 3549 890 3621 Vaceio
906 3552 959 3646 (a)
975 3564 1011 3621 et
1027 3546 1158 3636 David,
1170 3547 1346 3618 aliorum-

276 3690 346 3764 que
357 3666 534 3761 priorum,
549 3666 611 3764 qui
626 3665 769 3737 lllanliae
782 3664 1034 3738 laboraverunt
1045 3664 1198 3753 utiliter,
1211 3680 1342 3736 notum

277 3782 348 3851 fuit
378 3781 519 3867 multis,
547 3798 747 3881 notumque
770 3782 848 3855 fore
872 3783 1038 3881 uolumus
1062 3782 1214 3879 posteris
1244 3780 1344 3878 quod

312 4072 320 4135 l
328 4073 349 4136 t)
370 4072 404 4122 lte
419 4073 558 4125 territoire
572 4073 606 4127 de
620 4075 724 4145 Troyes
741 4094 775 4128 en
790 4075 978 4147 Cltampagnc.

314 4162 350 4227 (a)
369 4161 444 4213 Gari·
458 4163 569 4230 (Orno).
