2910 4980
96 501 291 586 [surr1050]
467 500 584 565 LIBER
604 500 781 564 rutulus.
1116 510 1155 568 27

95 650 165 698 nec
183 617 476 722 opprimerentur
492 622 632 721 injustis
652 620 1019 696 circumventionibus
1036 624 1158 698 archi-

96 741 347 815 diaconorum.
371 740 450 812 Hoc
466 752 586 813 autem
600 741 827 842 privilegium
843 741 1043 815 Geroianus
1055 743 1158 816 Wil-

95 855 232 928 lermus
252 854 399 929 sortiter
415 855 551 945 tenuit,
574 870 611 931 et
626 883 645 928 a
661 856 798 931 domno
818 857 970 957 Hugoue
989 858 1158 958 episcopo

95 970 326 1045 Uticensibus
341 970 527 1044 monacbis
543 970 705 1048 obtinuit
721 976 737 1073 (
761 975 792 1073 ).

145 1090 225 1188 lpse
240 1087 444 1162 Hiltrudem
461 1089 571 1162 filiam
588 1089 750 1164 Fulberti
768 1090 812 1165 de
828 1091 938 1166 Belua
959 1091 1046 1191 (qui
1068 1106 1158 1164 tem·

96 1231 186 1305 pore
199 1206 342 1279 Ricardi
358 1205 458 1279 ducis
472 1223 627 1281 castrum
638 1208 779 1309 Aquilae
792 1209 1056 1308 construxerat)
1071 1234 1160 1283 uxo-

97 1348 176 1395 rem
200 1322 327 1413 duxit,
356 1348 400 1396 ex
425 1349 495 1423 qua
521 1322 720 1397 Erualdum
744 1325 789 1399 de
816 1325 995 1398 Escalloio
1018 1326 1155 1426 genuit.

98 1439 235 1514 Deinde
251 1442 415 1514 Emmam
431 1440 650 1516 Walchelini
667 1443 711 1516 de
729 1445 869 1517 Taneto
887 1443 997 1516 filiam
1014 1443 1051 1514 in
1067 1467 1159 1516 con-

94 1557 236 1656 jugium
254 1558 408 1657 accepit3
424 1584 506 1658 quae
521 1558 757 1633 Willermum
774 1561 853 1659 (qui
870 1575 953 1660 post
975 1559 1013 1633 in
1030 1557 1157 1659 Apulia

98 1670 217 1746 bonus
234 1672 465 1747 Normannus
482 1677 755 1774 cognominatus
770 1678 841 1775 est)
862 1679 1002 1777 peperit
1019 1677 1035 1775 (
1060 1677 1090 1774 )

147 1789 251 1890 Saepe
266 1808 485 1865 memoratus
500 1794 558 1865 vir
572 1818 591 1865 a
606 1792 757 1867 ducibus
776 1795 1074 1869 Normanuorum
1093 1794 1161 1866 lli-

99 1905 208 1979 mrdo
224 1922 261 1978 et
277 1906 464 1981 Rodberto
479 1907 695 2009 diligebatur
703 1938 715 1998 ;
734 1935 804 2009 pro
819 1910 902 2002 fide,
922 1936 1029 2010 quam
1045 1909 1161 1982 domi-

100 2022 157 2092 nis
180 2022 253 2093 suis
279 2020 442 2096 Roberto
469 2024 681 2099 Belesmensi
711 2041 747 2100 et
772 2028 962 2100 Talavacio
989 2040 1026 2099 et
1052 2025 1161 2100 Gois-
1201 2103 1211 2119 ‚

99 2136 223 2225 fredo,
242 2139 391 2240 aliisque
409 2142 465 2215 vel
479 2140 590 2230 heris,
606 2143 662 2215 vel
674 2144 796 2216 amicis
812 2141 973 2216 servabat
978 2198 990 2233 ,
1006 2142 1160 2243 plurima

100 2253 314 2328 detrimenta
328 2273 365 2330 et
379 2257 535 2356 pericula
546 2256 759 2357 patiebatur.
774 2260 866 2333 Nam
879 2260 951 2358 ipse
964 2272 1092 2358 sponte
1104 2254 1161 2329 de-

101 2372 233 2443 struxit
248 2388 404 2445 castrum
418 2375 557 2448 Montis
568 2377 662 2448 ucuti
673 2376 743 2474 (ὅ),
758 2376 856 2477 quod
868 2391 943 2450 erat
955 2402 1078 2465 suum,
1092 2398 1161 2473 pro

101 2487 348 2587 redemptione
365 2491 504 2566 domini
521 2495 575 2566 sui
589 2493 772 2568 Goisfredi
796 2494 840 2567 de
862 2492 1035 2567 Meduana
1052 2516 1161 2591 quem

137 2815 178 2881 (r)
198 2811 272 2867 C’est
290 2823 363 2868 cette
375 2812 591 2868 determination
604 2812 639 2866 de
648 2812 762 2878 Giroie,
773 2811 808 2866 de
820 2809 923 2865 Raudri
932 2809 968 2864 de
984 2809 1161 2882 Booquencti‚

104 2900 140 2955 de
157 2900 297 2955 Wascelin
310 2888 475 2955 d’Echaulre'
486 2910 515 2955 et
532 2899 567 2954 de
580 2900 675 2973 Roger
685 2901 724 2955 du
736 2898 909 2967 Merlerault,
926 2901 975 2973 qui
992 2919 1008 2953 a
1021 2895 1124 2952 etendu
1136 2895 1163 2950 le

103 2989 214 3045 ‹tioctse
232 2988 268 3044 de
286 2990 397 3044 Lisieux
412 3006 530 3063 presque
542 2989 690 3064 jusqu‘aur
702 2999 795 3062 portes
812 2987 847 3043 de
860 2987 942 3055 secu
956 2986 1047 3042 tendis
1060 3004 1114 3059 que
1126 2984 1164 3038 les

103 3079 208 3135 limites
221 3077 260 3133 du
276 3078 390 3134 Lieuriu
409 3096 444 3132 en
461 3079 564 3132 etaient
580 3078 724 3151 beaucoup
743 3078 806 3151 plus
824 3078 973 3152 eloiguees.
987 3077 1068 3132 Ausci
1083 3084 1165 3129 notre

104 3179 221 3238 auteur,
235 3169 303 3224 daus
313 3168 525 3224 l'enumeration
543 3168 612 3242 qu’ll
628 3169 703 3223 vient
714 3169 749 3223 de
766 3169 834 3224 laice
846 3168 893 3224 des
906 3168 1004 3240 egliaes
1015 3166 1103 3221 bities
1114 3183 1164 3236 par

104 3258 220 3329 Giroie,
233 3261 307 3314 a·t-il
322 3260 382 3313 scin
395 3258 430 3314 de
442 3276 604 3334 remarquer
614 3277 670 3333 que
682 3259 752 3314 Glos
764 3259 822 3313 seul
834 3260 901 3313 e'tait
914 3259 982 3314 daus
992 3255 1018 3310 le
1032 3255 1162 3319 Lieuviu,

105 3352 229 3426 quoique
243 3349 416 3416 Vcrueuces,
433 3348 567 3422 Heugou,
581 3334 740 3404 Echaufour
755 3357 784 3403 et
800 3347 950 3403 Moutreuil
962 3343 1165 3420 appartiusseut

106 3456 215 3495 comme
226 3436 265 3492 lui
279 3456 314 3492 au
323 3435 431 3492 diocese
442 3436 478 3490 de
489 3437 608 3492 Lisieux.

140 3542 180 3612 (a)
198 3539 278 3594 Nous
292 3556 401 3594 verrom
416 3538 478 3612 plus
493 3538 551 3593 loia
569 3538 596 3593 la
614 3534 802 3593 circumtauee
822 3540 871 3612 qui
890 3557 905 3592 a
926 3537 976 3591 fait
988 3534 1122 3590 docueri
1139 3520 1181 3586 la·¹

105 3630 169 3686 ville
181 3631 218 3686 de
228 3629 387 3704 l'Aigleson
400 3650 476 3688 nom.
490 3630 514 3685 ll
525 3630 694 3686 existedeux
709 3648 870 3685 communes
882 3630 921 3683 du
933 3646 1000 3689 nom
1008 3628 1043 3684 de
1057 3628 1166 3682 Taurei

105 3712 312 3790 (saint-lubin
321 3729 350 3775 et
362 3721 520 3776 saint-teau
529 3722 539 3792 )
549 3730 627 3774 entre
641 3718 750 3792 Rroglie
759 3729 787 3773 et
797 3718 905 3786 Orbec;
916 3717 984 3773 mais
993 3718 1018 3773 le
1028 3718 1083 3772 lieu
1097 3717 1167 3772 dont

105 3811 126 3865 il
140 3812 220 3885 s’agit
228 3811 262 3866 ici
272 3811 399 3884 pourrait
411 3809 470 3865 etre
481 3808 610 3876 Tannee‚
625 3808 743 3862 bameau
753 3805 788 3862 de
799 3807 882 3862 Cisal.

141 3911 180 3985 (3)
207 3912 244 3968 Le
267 3913 384 3967 chiteau
407 3911 442 3966 de
464 3912 610 3984 Montuigu
634 3910 702 3965 etait
727 3909 798 3964 situe'
821 3912 836 3963 a
856 3908 1001 3980 Moutaigu
1020 3907 1084 3978 pnes
1105 3904 1175 3958 Bais.

107 4003 288 4074 (Meyeuue).
303 4003 399 4072 Quant
411 4006 427 4056 a
439 4001 509 4056 celui
522 4019 576 4075 que
588 4000 750 4057 Guillaume
761 3999 860 4056 Giroie
873 4009 952 4072 recut
961 4017 995 4052 eu
1007 4013 1168 4070 compensa-

108 4091 168 4146 tion
181 4090 216 4145 de
228 4091 352 4147 Geoffroi
362 4090 397 4147 de
407 4092 549 4164 lllayenne‚
558 4091 623 4145 c'est
631 4091 824 4147 Salat-Generi
836 4109 883 4146 sur
895 4091 982 4158 Sarte,
989 4088 1046 4144 lieu
1058 4086 1170 4142 celebre

108 4179 232 4252 pendant
249 4189 312 4233 tout
330 4178 355 4234 le
375 4198 474 4252 moyen
494 4178 544 4252 alge
559 4199 608 4253 par
627 4179 849 4237 l’etablissrmeut
863 4178 996 4252 religieux
1010 4177 1073 4252 qu’y
1085 4175 1169 4230 londa

109 4287 157 4324 son
171 4277 272 4343 patron
285 4286 345 4325 vers
356 4266 383 4324 le
397 4266 493 4325 milieu
505 4267 543 4324 du
556 4283 605 4323 νιν
618 4269 710 4326 siecle.
