2910 4980
575 484 692 545 arnna
711 481 893 560 omarus.
944 510 947 515 -
1203 482 1268 541 aas

342 609 467 682 Namque
480 606 551 662 dolis
562 608 671 662 comitis
680 604 788 661 Amulli
798 614 894 659 nectus
908 603 1021 658 inermis

378 699 509 766 Corruit,
523 697 672 753 ethereum
683 695 771 769 possit
780 694 883 748 habere
895 692 1000 747 Deum!
1016 691 1105 746 Arnen
1114 691 1124 758 (
1129 692 1162 759 1).

251 881 361 956 Anno
370 882 571 954 Dominicae
583 879 838 954 incarnationis
850 887 891 953 Μ’
905 892 964 951 nx⁰
976 892 1044 966 111⁰,
1063 876 1188 950 indict.
1206 887 1261 961 11¹,

202 997 518 1097 metropolitanam
528 996 707 1071 basilicam
722 1000 759 1071 in
771 998 861 1072 urhe
875 995 1127 1096 Rotomagensi
1137 997 1264 1093 (quam

202 1111 405 1186 Radbertus
424 1111 624 1211 inchoavit)
640 1113 824 1187 Maurilius
840 1110 1123 1211 archiepiscopus
1142 1110 1178 1180 in
1196 1107 1265 1180 ho-

202 1253 294 1303 nore
306 1245 436 1302 sanctae
449 1228 514 1302 Ilei
527 1231 710 1330 genitricis
722 1230 844 1303 Mariae
858 1256 940 1303 cum
954 1228 1090 1328 ingenti
1105 1222 1266 1322 tripudio

202 1370 326 1418 mense
340 1345 482 1419 octobri
494 1345 681 1420 dedicavit.
695 1349 762 1421 llic
780 1374 895 1421 annus
911 1345 1058 1420 Henrici
1076 1338 1135 1416 lVi
1153 1342 1264 1439 impe-

202 1464 334 1536 ratoris
346 1481 422 1537 erat
434 1481 592 1552 octavus,
606 1481 643 1547 et
652 1464 809 1563 Philippi
822 1465 886 1538 filii
896 1463 1043 1538 Henrici
1054 1461 1147 1561 regis
1155 1460 1265 1531 Fran·

203 1603 332 1652 corum
348 1596 516 1678 quartus,
536 1606 612 1679 quo
630 1606 728 1654 anno
749 1580 982 1654 Cinomannis
1004 1576 1190 1674 subjugata
1214 1588 1266 1645 est

202 1692 422 1767 Normannis
445 1697 516 1793 (a).
539 1697 704 1770 Decimus
723 1721 870 1795 quoque
893 1710 969 1770 erat
991 1719 1107 1767 annus
1128 1718 1148 1763 a
1167 1687 1272 1761 hello

203 1808 455 1882 Mortuimaris
476 1826 513 1884 ct
536 1812 705 1911 septimus
722 1809 880 1883 decimus
897 1837 915 1881 a
934 1807 1030 1883 bello
1047 1805 1147 1907 quod
1166 1803 1267 1878 Guil-

204 1921 332 1996 lelmus
353 1941 389 1998 et
413 1924 532 1999 Guido
553 1925 716 2000 fecerunt
735 1926 956 2000 Valesdunis.
985 1926 1089 1996 'lunc
1113 1917 1266 1994 Michael

204 2036 402 2138 Diogenem
418 2041 588 2117 vitricum
608 2070 713 2116 suum
728 2043 772 2117 de
788 2041 971 2142 Augustali
989 2039 1125 2113 throno
1142 2035 1268 2136 praeci·

205 2155 355 2254 pitavit,
385 2172 423 2231 et
447 2173 627 2257 sceptrum
654 2156 1032 2256 constantinopoleos,
1053 2153 1160 2253 paulo
1184 2164 1267 2248 post

205 2273 364 2371 turpiter
389 2274 597 2364 amissurus,
629 2275 769 2348 invasit.
793 2276 835 2346 ln
862 2272 989 2373 Anglia
1011 2285 1159 2344 mortuo
1185 2291 1268 2366 rege

205 2387 395 2478 Eduardo,
426 2417 554 2491 magna
584 2390 744 2465 turbatio
770 2391 862 2463 sacta
891 2406 961 2476 est,
988 2388 1075 2460 dum
1103 2387 1267 2483 perjurus

203 2503 378 2579 Heraldus
396 2507 554 2580 Goduini
579 2507 689 2596 filius,
706 2509 768 2608 qui
790 2507 833 2580 de
853 2508 947 2605 regia
970 2504 1167 2606 propagine
1190 2525 1265 2574 non

200 2619 409 2718 prodierat,
422 2624 458 2695 vi
479 2639 516 2697 et
534 2622 659 2697 fraude
679 2649 832 2724 regnum
851 2636 975 2696 nactus
996 2635 1061 2695 est.

345 2814 427 2870 Anno
441 2815 554 2871 milleno
566 2834 699 2890 sexageno
712 2834 824 2891 quoque
838 2834 903 2872 seno

235 3137 280 3208 (1)
298 3136 351 3192 Ces
362 3135 435 3192 deux
444 3139 602 3213 epitaphss,
618 3140 667 3213 qni
679 3157 715 3195 ne
727 3138 880 3213 rappellent
898 3142 982 3211 guere
995 3157 1050 3213 que
1067 3140 1107 3194 les
1122 3139 1268 3194 traditione

190 3226 403 3298 mensongeses
414 3225 454 3281 du
465 3244 565 3300 moyen
580 3228 694 3300 algetur
710 3245 761 3282 nos
776 3226 848 3282 deux
860 3228 994 3300 premiers
1010 3226 1087 3296 dues,
1102 3227 1180 3282 n’ont
1190 3226 1270 3301 point

189 3315 249 3370 dte
271 3316 431 3371 transcrites
449 3316 595 3372 au-dessus
615 3317 663 3372 des
683 3334 825 3373 nouvesmx
843 3317 991 3372 tombeaux
1010 3316 1079 3371 dans
1099 3316 1217 3390 lesquels
1237 3317 1272 3371 ils

190 3403 457 3461 [umuttransferes
469 3406 548 3478 apres
560 3405 585 3460 la
598 3406 818 3461 reconstrnctinn
831 3404 866 3458 ds
879 3404 905 3459 la
918 3405 1088 3472 cathedrale,
1103 3416 1131 3460 et
1147 3407 1195 3478 qui
1208 3415 1271 3459 sont

190 3507 309 3546 encore
322 3487 412 3563 places
429 3491 489 3545 l’un
510 3511 546 3547 au
567 3492 648 3560 midi,
671 3492 769 3547 l’autre
785 3510 821 3546 au
839 3491 911 3547 nord
930 3491 965 3547 de
980 3491 1005 3546 la
1026 3491 1130 3548 croisee
1147 3491 1181 3546 de
1200 3501 1271 3547 oettc

190 3574 307 3652 eglise,
321 3577 389 3633 dans
402 3578 441 3634 les
453 3578 526 3635 deux
537 3581 688 3653 premieres
701 3579 837 3652 chapelles
850 3579 899 3635 des
912 3579 1050 3636 bas-cotes
1060 3578 1096 3635 de
1107 3579 1134 3634 la
1144 3579 1198 3635 nel.

240 3681 285 3746 (α)
303 3677 420 3733 L'annee
432 3676 498 3736 1063
510 3681 577 3735 etait
587 3699 621 3736 en
634 3679 698 3735 effet
709 3679 734 3735 la
746 3681 902 3754 quatrieme
912 3678 947 3735 de
959 3679 1089 3753 Philippe
1101 3680 1136 3733 1⁸¹
1150 3681 1195 3752 (29
1206 3680 1272 3734 aorit

197 3763 306 3836 ¹060),
320 3776 348 3821 et
363 3764 389 3821 la
405 3766 541 3824 huitieme
558 3767 593 3823 de
610 3768 774 3842 l’empereur
790 3770 878 3824 Henri
896 3770 950 3825 IV.
967 3769 1067 3825 C’e'tait
1084 3768 1156 3822 aussi
1168 3767 1193 3821 la
1210 3767 1271 3822 ‹lix-

194 3855 343 3928 septieme
358 3859 437 3930 apres
456 3858 484 3912 la
500 3857 610 3914 hataille
623 3857 658 3914 de
671 3857 858 3927 valesdunas,
881 3869 909 3915 et
925 3858 953 3912 la
971 3857 1116 3914 dixiemet
1132 3857 1220 3931 partir
1236 3855 1271 3911 de

195 3941 278 3997 celle
288 3942 323 3998 de
336 3944 495 4000 Mortemcr.
509 3946 583 4001 Dans
593 3946 618 4002 le
632 3957 703 4001 teate
715 3947 844 4020 imprimc'
857 3946 892 4002 de
905 3948 1063 4015 Duchesne‚
1078 3947 1103 4001 la
1115 3945 1215 4019 phrase
1227 3962 1273 3999 re-

206 4026 298 4087 lative
308 4035 325 4090 t
336 4050 379 4088 oss
391 4033 463 4089 deux
477 4035 600 4091 derniers
612 4038 784 4092 &venements
803 4037 870 4092 etait
882 4039 1017 4112 tronquee
1030 4036 1065 4092 do
1077 4035 1102 4090 la
1116 4035 1237 4090 mantare
1249 4032 1280 4086 la

206 4117 278 4193 plus
289 4118 426 4180 lichenas.
