2910 4980
197 424 258 482 ns
473 421 657 482 nrsroan
678 420 982 483 ccmnsnsrici.
1093 426 1259 507 [coa-nn

198 568 276 614 rere
300 538 528 629 nitebantur,
556 539 617 614 sed
642 541 734 638 ipse,
757 540 915 615 Domino
933 545 1102 640 juvante,
1121 544 1204 622 illos
1224 563 1261 621 et

198 669 325 727 cuncta
348 653 536 727 molimina
559 679 687 729 eorum
708 653 963 749 frustrabatur.
993 658 1261 755 imperterritus

197 772 234 842 in
253 770 431 842 virtutum
451 794 531 842 arce
550 769 668 857 stetit,
693 768 803 845 duros
822 768 961 845 labores
984 772 1021 844 iu
1039 796 1154 871 agone
1174 800 1261 873 per-‚

198 886 300 976 tulit,
325 886 591 986 diabolicosque
616 901 764 960 conatus
793 886 1046 986 pessumdedit.
1077 890 1259 990 Tempore

197 1000 372 1075 Coenredi
383 1002 474 1102 regis
488 1000 709 1074 Marciorum
721 1003 775 1099 (1)
788 1000 973 1077 Bccclmus
985 1003 1037 1099 (2)
1053 1003 1206 1085 clericus
1216 1006 1260 1079 ad

196 1118 431 1193 occidendum
455 1119 574 1191 virum
598 1118 662 1192 Dei
686 1145 705 1191 a
732 1117 897 1193 daemone
923 1119 1147 1209 stimulatus,
1171 1121 1258 1205 dum

197 1236 314 1332 ipsum
331 1233 518 1323 tonderet,
543 1231 728 1308 abeodem
744 1235 947 1332 increpatus
964 1250 1018 1310 est
1033 1261 1098 1308 cur
1116 1251 1258 1311 tantuin

195 1351 332 1425 facinus
347 1352 385 1424 in
400 1349 509 1424 corde
517 1365 683 1452 gestaret.
698 1352 747 1424 At
758 1349 819 1424 ille
830 1376 917 1424 mox
928 1367 969 1423 ut
982 1376 1019 1424 se
1030 1368 1257 1450 praeventum

195 1467 303 1555 vidit,
324 1467 536 1543 erubescens
553 1466 596 1539 ad
612 1467 718 1567 pedes
738 1468 851 1540 saneti
870 1468 1014 1556 cecidit,
1034 1468 1148 1542 scelus
1165 1467 1257 1543 fate-

196 1603 270 1674 tur,
293 1587 503 1685 veniamque
520 1601 700 1683 precatur,
725 1598 961 1685 perceptaque
985 1585 1207 1685 indulgentia
1223 1613 1256 1660 se

195 1704 332 1776 socium
350 1702 445 1775 illius
463 1701 542 1776 fore
556 1702 761 1801 pollicetur.

242 1819 379 1891 Corvus
403 1834 543 1917 raptam
564 1817 734 1891 cartulam
757 1820 796 1892 in
820 1818 939 1892 medio
960 1822 1073 1919 stagni
1098 1820 1253 1910 dimisit,

193 1960 260 2008 nec
271 1933 368 2006 illam
382 1935 419 2007 in
434 1933 610 2006 arundine
622 1935 839 2034 pendentem
854 1960 944 2034 aqua
957 1936 1095 2009 meritis
1108 1938 1180 2010 viri
1193 1937 1254 2011 Dei

193 2052 284 2125 laesit
293 2106 305 2141 ,
323 2078 433 2152 quam
450 2050 544 2125 idem
560 2052 728 2150 scriptori
746 2067 879 2125 moesto
896 2051 1027 2125 salvam
1043 2050 1217 2127 reddidit.

242 2168 322 2242 Duo
346 2169 444 2242 corvi
464 2169 502 2240 in
520 2168 633 2240 insula
649 2168 816 2268 degentes
832 2167 938 2242 beato
959 2167 1139 2242 Guthlaco
1157 2169 1254 2245 valde

193 2283 312 2357 infesti
330 2298 447 2373 eram,
468 2285 515 2356 ita
534 2299 576 2356 ut
591 2282 767 2384 quidquid
779 2283 956 2384 frangere,
972 2311 1150 2384 mergere,
1167 2285 1256 2359 diri·

192 2427 299 2499 pere,
315 2402 562 2479 contaminare
577 2401 798 2499 potuissent,
827 2402 1065 2477 irreverenter
1082 2400 1182 2474 intus
1197 2401 1258 2477 lo-

192 2519 313 2619 risque
328 2517 536 2592 damnantes
550 2517 760 2617 perderent,
779 2543 870 2617 quos
883 2519 941 2589 vir
955 2517 1018 2590 Dei
1035 2544 1105 2617 pro
1120 2520 1255 2623 virtute

192 2634 375 2732 patientiae
406 2630 610 2734 benigniter
647 2630 834 2706 tolerabat.
873 2632 1022 2704 lncultae
1052 2631 1255 2706 solitudinis

192 2748 355 2824 volucres
369 2765 405 2822 et
414 2748 612 2850 vagabundi
626 2774 782 2821 coenosae
795 2746 933 2846 paludis
948 2747 1058 2846 pisces
1070 2748 1115 2820 ad
1131 2773 1255 2823 vocem

193 2868 267 2962 ejus
286 2864 383 2937 velut
398 2865 441 2937 ad
456 2880 635 2963 pastorem
648 2865 748 2939 ocius
765 2880 927 2937 natantes
944 2864 1180 2965 volantesque
1192 2890 1255 2943 ,ve-

194 2978 361 3068 niebant,
378 2996 414 3053 et
427 2979 471 3053 de
482 3006 592 3053 manu
604 2983 678 3079 ejus
688 2981 838 3072 victum,
853 2995 964 3080 prout
974 2981 1256 3083 uniuscujusque

193 3110 321 3167 natura
337 3094 540 3196 indigebat,
559 3094 793 3196 accipiebant.

240 3212 416 3284 Praesente
437 3209 631 3285 venerabili
650 3211 730 3283 viro
747 3210 944 3298 Wilfrido,
967 3207 1105 3282 duabus
1124 3207 1254 3284 hirun-

191 3325 337 3398 dinibus
353 3327 549 3425 gaudenter
566 3327 668 3399 illum
684 3325 880 3399 secundum
896 3352 994 3398 suam
1011 3340 1181 3398 naturam
1201 3328 1253 3398 vi·

192 3442 400 3530 sitantibus,
419 3460 455 3517 et
467 3470 548 3515 cum
562 3462 669 3517 cantu
681 3442 837 3516 brachiis
853 3460 890 3517 et
906 3440 1080 3543 genibus,
1093 3444 1253 3542 pectori-

191 3588 261 3661 que
272 3562 366 3633 illius
375 3559 662 3650 considentibus,
680 3561 853 3636 festucam
867 3563 905 3633 in
919 3559 1102 3635 ventinula
1114 3563 1250 3658 posuit,

191 3679 292 3751 etsie
309 3677 433 3751 avibus
446 3680 572 3751 nidum
592 3681 628 3751 in
650 3706 710 3752 sua
728 3679 814 3755 cella
829 3677 1037 3778 designavit.
1056 3677 1142 3751 Non
1156 3679 1251 3752 enim

193 3798 228 3867 in
245 3822 319 3867 casa
337 3794 504 3866 Guthlaci
519 3797 595 3868 sine
610 3796 752 3868 licentia
767 3799 840 3894 ejus
856 3793 1039 3867 nidificare
1055 3791 1246 3867 audebant.

226 4078 235 4141 (
242 4077 264 4143 1)
282 4073 403 4140 Cenred,
416 4074 456 4126 roi
471 4073 505 4126 de
515 4073 617 4127 Mercie
631 4073 783 4149 (704-708).

224 4165 261 4231 (a)
280 4163 352 4215 Lisez
369 4187 373 4215 z
391 4162 560 4216 Beccelr'nns.
