2910 4980
192 434 253 496 llo
466 432 652 494 HISTORIA
674 431 980 494 ECCLESIASTlCA.

191 554 399 656 benigniter
433 554 574 627 annuit.
609 555 709 627 Hauc
743 555 863 654 itaque
893 557 1162 630 concessionem
1197 583 1256 657 per

191 683 331 744 textum
350 669 629 769 Evangeliorum
648 696 754 770 super
773 670 883 744 altare
900 673 1080 770 portavit,
1100 698 1142 744 ac
1161 690 1257 772 post-

190 786 341 861 modum
358 813 402 860 ex
419 788 566 861 caritate
584 787 846 861 monachorum
863 790 1025 890 quinque
1041 815 1183 864 marcos
1200 818 1257 862 ar-

190 903 290 1005 genti
310 919 347 976 et
363 903 542 1003 optimum
565 904 796 1002 cornipedem
814 905 961 1004 recepit.
983 904 1122 979 Deinde
1146 922 1258 1005 pater-

191 1048 282 1095 num
299 1020 374 1096 lere
392 1047 441 1094 xv
459 1022 563 1093 antris
581 1021 757 1095 honorem
775 1022 933 1121 legitime
950 1023 1063 1113 rexit,
1081 1038 1119 1096 et
1135 1039 1259 1096 contra

191 1136 492 1212 finitimoslrostes
502 1139 601 1238 (quia
612 1138 840 1228 fortissimus,
850 1139 934 1213 licet
944 1138 1063 1228 hebes,
1075 1141 1259 1239 praeliator

191 1254 289 1352 erat)
309 1253 522 1326 validissime
538 1255 750 1343 defensavit3
768 1255 991 1355 vetitumque
1006 1257 1098 1355 regis
1115 1256 1259 1329 llenrici

194 1371 480 1472 transgrediens,
497 1371 774 1472 Engerrannum
784 1426 795 1462 ,
817 1388 1059 1473 cognomento
1074 1373 1259 1458 Oisonem,

191 1489 300 1560 armis
328 1490 509 1588 impetiit,
541 1503 579 1562 et
603 1504 729 1562 contra
762 1488 865 1561 illum
894 1488 1112 1561 militaribus
1136 1488 1260 1561 studiis

193 1605 536 1704 saepiusdimicavit.
563 1606 668 1679 Unde
688 1606 780 1706 regis
808 1607 1035 1694 animositas,
1060 1606 1261 1680 delatorum

192 1720 375 1795 maledicis
388 1721 676 1797 accusationibus
690 1723 922 1811 inllammata,
939 1724 1040 1796 illum
1054 1722 1261 1797 exlaaereda-

193 1837 268 1924 vit,
295 1837 396 1911 etde
420 1837 642 1910 Normannia
665 1864 747 1910 cum
766 1839 905 1938 Agnete
928 1838 999 1911 lilia
1020 1837 1198 1912 eodberti
1220 1837 1260 1917 de

192 1954 532 2041 Grentemaisnilio,
562 1981 671 2054 quam
697 1982 814 2054 nuper
840 1983 991 2031 uxorem
1017 1956 1192 2042 duxerat,
1225 1957 1260 2027 in

193 2073 361 2172 Apuliam
379 2074 535 2173 expulit,
559 2071 621 2144 ubi
647 2091 730 2172 post
746 2074 885 2174 aliquot
905 2100 1037 2161 annos,
1058 2101 1123 2172 per
1142 2089 1260 2146 extera

192 2190 368 2289 mappalia
383 2204 605 2288 pervagatus,
621 2191 730 2263 morti
743 2191 945 2262 succubuit.
957 2189 1261 2288 Principisitaque

192 2306 362 2380 violentia
391 2307 518 2404 majori
548 2305 660 2377 fratre
688 2305 836 2404 depulso
861 2305 988 2382 Simon
1012 2306 1203 2390 successit,
1228 2320 1262 2378 et

190 2424 313 2497 omnia
330 2451 412 2523 quae
423 2439 662 2496 antecessores
673 2423 727 2494 sui
738 2419 1165 2510 dederantUticensibus,
1181 2446 1261 2492 cum

192 2537 342 2610 Adelina
361 2542 513 2637 conjuge
530 2565 590 2609 sua
609 2552 793 2637 gratanter
808 2536 951 2608 annuit.

240 2657 416 2755 llogerius
432 2657 476 2730 de
494 2656 851 2741 Monte-Gomerici,
873 2672 1065 2755 postquam
1082 2654 1260 2728 Geroiaua

190 2773 379 2870 progenies
408 2770 554 2857 cecidit,
585 2786 703 2842 totum
733 2771 995 2869 patrimonium
1025 2770 1199 2842 Excall'oii
1227 2786 1262 2842 et

191 2886 436 2959 Monasterioli
461 2884 536 2958 fere
565 2909 653 2959 xxvi
673 2887 777 2958 annis
798 2885 979 2985 possedit;
1008 2900 1043 2957 et
1070 2889 1108 2956 in
1132 2885 1259 2972 initio,

191 3003 364 3105 quamdiu
378 3003 522 3076 Maliilia
538 3027 631 3075 uxor
644 3008 720 3101 ejus
734 3005 832 3105 (quae
846 3004 1044 3077 Geroiauos
1058 2999 1259 3073 Ebrulliaui

190 3122 399 3195 monasterii
417 3120 627 3194 fundatores
644 3147 783 3219 semper
800 3146 925 3195 exosos
941 3119 1131 3217 habuerat)
1149 3121 1258 3204 vixit,

191 3237 442 3327 Uticensibus,
460 3237 519 3310 illa
533 3237 760 3324 stimulante,
779 3237 944 3335 pluribus
961 3235 1077 3309 modis
1092 3235 1261 3308 molestus

192 3355 326 3428 extitit.
353 3355 517 3455 Denique
533 3359 651 3453 justus
672 3353 821 3443 arbiter,
844 3356 906 3455 qui
932 3351 1181 3454 peccatoribus
1206 3354 1262 3451 pie

192 3474 329 3571 parcit,
350 3489 387 3546 et
405 3473 677 3572 impoenitentes
695 3472 857 3545 districte
878 3472 1056 3570 percutit,
1081 3469 1262 3542 crudelem

190 3586 384 3677 feminam,
408 3616 491 3691 quae
511 3589 627 3662 multo
651 3588 822 3689 sanguine
844 3585 1029 3675 madebat,
1057 3583 1262 3683 multosque

192 3702 332 3778 nobiles
349 3704 526 3778 violenter
545 3703 788 3778 exhaeredatos
812 3730 877 3803 per
896 3719 1042 3777 externa
1060 3701 1262 3773 mendicare

193 3838 376 3923 coegerat,
393 3824 557 3921 permisit
572 3824 690 3921 perire
706 3822 825 3924 gladio
839 3820 1017 3920 Hugonis,
1033 3819 1091 3890 cui
1106 3834 1261 3891 castrum

194 3938 293 4038 quod
312 3941 349 4011 in
372 3968 462 4039 rupe
479 3939 604 4040 Jalgeii
625 3941 735 4012 situm
752 3956 805 4013 est
822 3941 892 4037 (1),
918 3936 1132 4026 abstulerat,
1154 3952 1191 4008 et
1214 3935 1260 4006 sic

229 4226 267 4295 (a)
286 4225 322 4278 La
335 4223 431 4279 Roche
443 4224 534 4297 d'lge',
550 4235 650 4282 canton
662 4224 697 4280 de
711 4223 840 4281 Bellene.
