2910 4980
192 319 253 379 sss
466 317 650 379 ursrouu
670 316 974 379 scrumosum.
1149 322 1258 401 [rore]

192 435 276 520 bus,
296 434 407 509 Fulco
424 461 542 511 comes
559 437 617 533 (1)
642 436 753 510 noxio
776 434 890 511 livore
907 437 1075 537 nequiter
1099 436 1257 513 inlectus

192 567 265 642 est,
281 568 318 626 et
334 569 460 626 contra
473 551 648 652 quosdam
660 551 880 626 Normannis
895 551 1053 626 faventes
1071 552 1257 655 insurgere

193 680 341 742 conatus
348 668 529 741 est.Tunc
539 668 571 740 ei
580 665 761 741 lohannes
767 665 978 741 deFlecchia
986 669 1257 767 potentissimus

192 782 467 883 Andegavorum
484 784 664 883 praecipue
681 782 841 856 infensus
857 800 951 870 eret,
969 785 1053 884 quia
1071 782 1257 861 Norman-

193 903 248 974 nis
263 899 480 974 adhaerebet.
499 899 588 993 Qui,
607 898 670 973 ubi
688 898 880 999 praeletum
895 903 1065 976 comitem
1082 927 1168 975 cum
1180 902 1256 978 fer·

192 1019 279 1090 rutis
291 1015 493 1117 agminibus
506 1015 678 1090 festinare
691 1041 847 1115 superse
860 1044 929 1115 pro
942 1033 1043 1093 certo
1055 1022 1253 1119 comperit,

193 1134 459 1209 confoedemtos
477 1133 544 1208 sibi
562 1135 681 1208 affines
699 1135 870 1236 expetiit,
890 1136 1136 1238 auxiliumque
1151 1138 1257 1212 Guil-

192 1251 290 1324 lelmi
307 1253 399 1352 regis
416 1251 604 1352 requisivit
620 1266 657 1324 et
676 1251 894 1351 impetravit.
913 1251 1006 1325 Nam
1021 1280 1085 1328 rex
1104 1255 1257 1355 impiger

185 1368 428 1451 .Guillelmum
444 1367 489 1441 de
510 1367 659 1442 Molinis
678 1369 731 1466 (2)
755 1384 792 1442 et
808 1366 1035 1442 Rodbertum
1051 1369 1098 1443 de
1113 1371 1257 1446 Veteri-

191 1488 308 1560 Ponte
321 1487 398 1585 (3),
417 1486 576 1587 aliosque
598 1486 814 1561 fortissimos
831 1503 868 1561 et
885 1488 1071 1561 multoties
1085 1487 1256 1588 probatos

191 1602 381 1676 bellatores
396 1600 552 1675 lohanni
568 1601 778 1691 destinavit3
795 1627 887 1703 quos
901 1603 961 1676 ille
976 1601 1019 1675 ed
1035 1602 1257 1679 defendenda

193 1747 276 1792 cum
293 1717 505 1792 satellitibus
521 1720 592 1791 suis
609 1718 740 1819 oppida
753 1746 813 1791 sua
829 1718 1021 1819 diligenter
1038 1723 1254 1821 composuit.

192 1838 271 1910 Hoc
292 1835 437 1910 audiens
461 1836 573 1909 Fulco
591 1836 821 1911 vehementer
836 1837 973 1927 doluit,
998 1854 1036 1911 et
1055 1837 1257 1913 undecum-

191 1980 263 2054 que
273 1953 470 2028 contractis
482 1951 619 2024 viribus
633 1951 972 2026 castrumJohannis
981 1952 1137 2029 obsedit.
1150 1954 1257 2033 Hoel·

192 2069 247 2142 lus
275 2093 422 2169 quoque
455 2093 573 2142 comes
602 2068 659 2165 (4)
688 2093 772 2140 cum
800 2067 1034 2142 multitudine
1064 2070 1256 2144 Britonum

190 2185 342 2258 Fulconi
363 2184 540 2282 suppetias
564 2183 684 2270 venit,
703 2197 839 2255 etcum
863 2209 907 2258 eo
929 2182 1102 2257 Johannis
1126 2191 1203 2259 vim
1223 2201 1257 2261 et

191 2328 277 2401 opes
293 2302 423 2374 acriter
440 2314 621 2372 coarctare
637 2299 788 2372 studuit.
806 2298 1020 2374 Guillelmus
1035 2316 1158 2374 autem
1179 2326 1254 2390 rex,

193 2436 234 2492 ut
257 2432 395 2492 tantam
412 2413 682 2490 multitudinem
699 2442 841 2516 gyrasse
857 2441 940 2490 suos
961 2416 1129 2515 agnovit,
1148 2418 1256 2519 regali

192 2536 311 2611 edicto
327 2535 557 2608 Normannos
574 2548 610 2606 et
630 2534 766 2633 Anglos
784 2534 916 2606 iterum
935 2534 1086 2620 excivit,
1103 2533 1257 2635 aliasque

194 2653 261 2725 sibi
276 2651 433 2725 subditas
447 2666 570 2749 gentes
586 2664 627 2723 ut
640 2649 745 2723 fortis
759 2651 928 2750 magister
942 2650 1101 2722 militum
1114 2648 1257 2751 conglo

194 2768 311 2856 bavit,
330 2796 389 2855 ac,
411 2766 612 2854 tulerunt,
630 2769 810 2869 sexaginta
826 2767 939 2840 millia
951 2768 1116 2868 equitum
1132 2782 1256 2843 contre

424 2984 580 2992 —--——-—-

227 3112 267 3183 (ι)
284 3105 596 3181 Foulques-le-Rechin,
605 3115 696 3159 comte
708 3104 828 3175 d’Anjou
840 3104 869 3173 (4
880 3103 948 3158 avril
960 3104 1079 3179 1067-14
1088 3096 1159 3161 avril
1172 3108 1254 3181 1109).

227 3207 267 3270 (2)
285 3198 446 3256 Guillaume
463 3195 499 3250 de
512 3193 820 3261 Montius-la-Marche,
836 3193 956 3264 premier
969 3192 1009 3249 du
1024 3212 1105 3264 nom,
1120 3213 1177 3271 que
1190 3212 1255 3251 uout

193 3301 385 3345 rotrouverons
397 3285 525 3356 ci-apres.

226 3377 265 3450 (3)
284 3376 391 3431 Robert
402 3374 437 3429 de
450 3372 638 3429 Visus-Pom.
657 3371 681 3424 ll
693 3372 778 3425 existe
790 3369 863 3425 deux
874 3387 1035 3426 communes
1051 3370 1087 3427 de
1100 3391 1133 3428 oe
1144 3391 1212 3428 nom
1223 3391 1255 3430 eu

192 3464 377 3532 Normandie,
393 3464 467 3517 l'une
480 3463 543 3534 pres
561 3448 703 3529 Econche'‚
721 3458 819 3516 l’autre
837 3459 905 3514 dans
925 3460 951 3516 le
962 3478 1028 3534 pays
1045 3461 1165 3535 d'lluge.
1182 3463 1255 3519 Nom

191 3572 309 3630 pensons
317 3551 386 3627 qu'il
397 3551 476 3624 s'agit
488 3551 524 3604 ici
536 3549 572 3604 de
581 3559 652 3604 cette
665 3546 807 3616 derniere,
818 3547 944 3603 d'autant
956 3547 1019 3620 plus
1027 3548 1112 3622 qu’on
1124 3548 1255 3606 voitdnm

192 3667 247 3701 une
261 3646 356 3700 charte
376 3642 411 3697 de
428 3643 516 3697 Heori
536 3642 569 3694 1⁹¹
586 3659 622 3696 eu
639 3639 733 3695 savem·
746 3637 781 3694 de
799 3638 1255 3698 Nom-Damsde-saint-Piem-

192 3737 337 3802 sur-Dive,
352 3733 378 3787 le
393 3743 544 3804 patronage
557 3729 592 3785 de
605 3731 786 3787 Visus-Pout
805 3728 898 3784 donne
915 3730 930 3783 l
949 3739 1022 3784 cette
1038 3729 1143 3803 abbaye
1156 3749 1209 3804 par
1219 3748 1254 3785 un

192 3828 298 3882 Robsrt
315 3822 350 3878 de
365 3822 560 3888 Visus-Pom,
577 3822 786 3893 contemporain
804 3819 839 3874 de
851 3818 1255 3895 Guillaume·le·Couquerant

192 3915 284 3983 (Nutu
292 3922 318 3966 et
326 3912 440 3965 consilto
451 3912 541 3979 patris
550 3913 614 3976 mei,
623 3908 666 3964 dit
679 3909 766 3963 Henri
777 3909 834 3979 1⁸),
849 3907 898 3980 qui
908 3906 969 3961 doit
980 3908 1039 3962 lette
1052 3907 1078 3962 le
1090 3908 1183 3964 meme
1195 3925 1254 3982 per·

192 4020 313 4072 sonuage
325 4019 381 4073 que
393 3998 517 4053 celui-ci.

228 4092 265 4158 (4)
284 4087 354 4143 11001
370 4089 405 4154 V,
420 4086 472 4140 ‹luc
485 4086 519 4139 de
532 4086 666 4157 Bretagne
679 4082 808 4154 (1066-15
822 4082 889 4138 avril
904 4084 990 4154 1084).
