2910 4980
267 399 327 463 458
544 398 730 460 HISTORIA
751 399 1054 462 ECCLRSIASTICA.
1230 407 1338 502 [stis]

315 519 393 590 Fili
405 520 604 606 carissime,
620 544 726 617 quern
738 522 872 593 nutrici
884 519 1070 606 deliciose,
1083 521 1209 594 uolens
1224 522 1338 596 luere·

267 635 351 708 dem
367 653 401 708 et
415 661 655 709 successorem
671 661 786 708 meum
803 637 883 708 Deo
896 653 931 708 et
945 635 1149 710 haminibus
1163 657 1339 740 accepta-

267 751 376 824 bilem
404 751 601 851 relinquere
613 785 630 838 ,·
655 779 753 825 nunc
785 779 830 826 ea
857 770 1000 851 quate
1027 780 1153 827 rnoneo
1182 754 1338 829 devotu-

268 875 373 959 sime,
402 875 549 943 retineto
569 873 817 943 intentissime.
840 871 1034 972 Inprimis
1057 870 1177 943 Deum
1199 898 1341 974 semper

269 1004 302 1059 et
322 1012 434 1087 super
451 988 577 1058 amnia
594 987 718 1086 dilige.
737 987 950 1086 Pontficem
968 1003 1069 1060 tuum
1088 1003 1122 1060 et
1143 1013 1277 1085 regem,
1298 1007 1340 1061 ut

265 1119 440 1203 patronos
467 1121 556 1192 taos,
581 1106 678 1192 time,
704 1129 875 1176 venerare
887 1131 899 1188 ,·
923 1128 1114 1202 eorumque
1128 1110 1334 1205 praecptis,

264 1236 376 1319 prout
406 1221 561 1318 poteris,
596 1245 642 1291 ne
672 1219 898 1292 obliuiscaris
928 1219 1088 1294 obedire.
1112 1220 1188 1290 Pro
1214 1245 1339 1292 eorum

262 1341 506 1436 prosperitate
528 1336 688 1435 quotidie
712 1337 832 1409 Deum
856 1336 1069 1437 deprecare,
1091 1353 1129 1408 ut
1150 1340 1287 1410 meritis
1304 1355 1339 1409 et

270 1456 420 1526 tuitione
436 1454 520 1526 boni
528 1454 702 1554 praesulis
710 1481 843 1555 perpes
858 1455 962 1528 salus
980 1456 1088 1527 detur
1099 1458 1235 1528 anima
1249 1472 1337 1542 tuae,

268 1586 303 1640 et
308 1569 464 1671 pacifici
478 1574 575 1671 regis
590 1570 834 1644 moderamine
840 1574 964 1672 possis
980 1571 1213 1670 temporalem
1228 1571 1340 1645 hono-

269 1714 343 1760 rem
359 1691 479 1787 quiete
501 1705 535 1760 et
550 1691 653 1789 juste
668 1691 873 1790 possidere.
898 1689 1118 1762 Hominibus
1136 1694 1207 1762 tuis
1216 1690 1339 1783 fidem

270 1830 382 1903 quam
398 1805 506 1878 debes
522 1805 652 1877 celibe
657 1863 670 1895 ,
690 1807 826 1904 eisque,
849 1831 923 1877 non
945 1823 983 1876 ut
1003 1821 1181 1902 tyrannus
1186 1861 1199 1893 ,
1219 1806 1287 1877 sed
1301 1823 1340 1876 ut

268 1922 367 1994 mitis
373 1937 557 2022 patronus
562 1977 576 2012 ,
595 1921 797 1994 dominare.
817 1921 1030 1993 Dominium
1044 1936 1145 1992 tuum
1158 1921 1197 1991 in
1217 1923 1338 2019 agris,

269 2037 487 2126 nemoribus,
501 2042 618 2137 pratis
635 2053 670 2110 et
682 2040 798 2110 vineis
809 2036 1011 2138 prudenter
1026 2062 1211 2124 conserva,
1231 2035 1340 2109 aliis-

269 2181 340 2254 que
349 2154 478 2229 clando
492 2158 653 2228 minuere
666 2157 799 2228 devita
815 2157 984 2255 Rapinas
997 2153 1077 2227 noli
1087 2155 1340 2249 exercere5fu·

222 2273 225 2278 ’
270 2296 325 2344 res
341 2289 375 2344 et
398 2290 562 2372 raptores
578 2299 604 2344 a
622 2289 654 2345 te
671 2275 819 2372 penitus
837 2271 958 2371 abige.
978 2272 1053 2344 Res
1070 2287 1152 2343 tuas
1177 2269 1340 2368 legitime

270 2387 431 2473 custodi,
452 2405 487 2460 et
511 2415 566 2460 res
586 2389 730 2462 alienas
744 2415 816 2490 per
830 2387 1043 2461 violentiam
1063 2404 1097 2459 et
1115 2389 1339 2459 invasionem

270 2504 393 2578 tollere
408 2506 494 2577 noli.
517 2506 586 2578 His
604 2532 732 2607 nempe
752 2505 856 2577 rebus
883 2509 980 2576 venit
1001 2507 1076 2592 ira,
1099 2502 1233 2575 deinde
1255 2501 1337 2574 dis·
1408 2500 1411 2505 ’

271 2624 423 2710 cordia;
453 2644 654 2723 sequuntur
682 2624 895 2711 latrocinia,
928 2622 1048 2696 cades
1078 2638 1112 2692 et
1140 2619 1336 2707 incendia,

271 2742 411 2813 damna
433 2759 466 2813 et
488 2741 710 2828 homicidia,
736 2741 871 2813 etalio
893 2740 993 2812 mala
1007 2739 1110 2837 fiunt
1132 2740 1336 2809 innumera.

271 2858 429 2957 Sapiens
454 2875 527 2946 est,
549 2862 615 2957 qui
640 2885 774 2931 causas
801 2859 999 2947 malorum,
1020 2883 1104 2956 quae
1128 2856 1230 2928 videt
1250 2855 1338 2927 aliis

269 2978 419 3062 euenire,
439 3002 485 3046 ne
501 2975 574 3046 sibi
589 2979 816 3075 contingant,
832 2981 899 3048 scit
908 3001 1126 3076 praecauere.
1144 2973 1240 3045 Hac
1256 2999 1340 3045 mea

270 3093 416 3166 custodi
436 3093 565 3166 ultima
587 3093 781 3166 mandata.
809 3095 967 3165 Matrem
988 3110 1150 3165 nostram
1171 3107 1339 3163 sanctam

271 3211 479 3284 Ecclesiam
498 3238 640 3311 semper
652 3210 770 3309 dilige
785 3228 818 3281 et
826 3213 1040 3309 frequenta.
1066 3207 1229 3281 Verbum
1245 3208 1335 3294 Dei,

271 3330 373 3427 quod
384 3330 487 3402 cibus
501 3346 554 3402 est
566 3332 701 3401 anima
714 3345 748 3400 et
757 3333 847 3417 vita,
862 3330 1008 3417 missas,
1023 3326 1254 3424 debitumque
1266 3324 1341 3396 Dei

269 3447 452 3516 seruitium
482 3445 645 3544 quotidie
672 3459 867 3515 reverenter
893 3443 1077 3515 ausculta.
1110 3440 1239 3514 Servos
1267 3439 1341 3510 Dei

270 3560 389 3633 verbis
402 3577 437 3632 et
450 3561 618 3660 operibus
633 3561 790 3645 bonora,·
805 3563 967 3633 macime
979 3560 1147 3633 dominos
1159 3557 1338 3654 etfiatres

270 3696 408 3751 nostros
434 3679 642 3768 monachos,
670 3679 780 3776 bajus
802 3678 984 3749 Ecclesia
1008 3677 1206 3763 ministros,
1226 3688 1340 3774 prout

267 3801 415 3894 poteris,
430 3822 604 3867 venerare
615 3813 649 3865 et
665 3795 805 3893 adjuva
812 3826 828 3878 ;
844 3793 994 3865 consilio
1008 3809 1041 3863 et
1057 3790 1199 3864 auxilio
1216 3806 1293 3875 tuo,
1307 3792 1340 3860 si

270 3941 412 3985 necesse
434 3914 637 4001 habuerint,
653 3930 826 3986 sustenta.
850 3914 935 4000 Res,
957 3937 1049 4009 quas
1062 3925 1174 4010 pater
1188 3932 1290 3978 meus
1306 3922 1341 3976 et
1444 3922 1446 3925 ’

271 4057 338 4126 ega
363 4031 529 4103 dedimus
557 4034 608 4102 eis
635 4058 706 4130 pro
734 4046 857 4100 nostra
886 4027 1005 4099 salute
1014 4082 1027 4113 ,
1059 4041 1097 4096 ut
1121 4026 1160 4094 in
1183 4048 1281 4122 pace
1306 4036 1340 4091 el

271 4150 385 4241 quiete
407 4147 565 4217 babeant
589 4147 738 4219 libenter
758 4144 927 4217 concede.
954 4144 1011 4214 De
1034 4141 1137 4213 rebus
1158 4155 1191 4210 et
1212 4136 1339 4209 reddi-
