2910 4980
195 411 254 469 isi
469 409 652 469 ursionis
676 408 979 471 sccinsnsnci.
1153 416 1256 495 [ross]

187 526 295 599 ¹valde
317 552 437 625 aspera
460 541 497 598 et
525 527 708 626 inopinata
721 581 732 616 ‚
760 528 904 625 quidam
932 529 977 604 de
999 530 1148 630 pulvere
1171 559 1257 633 pro-

193 643 320 714 siliunt
338 641 382 714 ad
398 669 609 743 magnarum
628 657 845 742 potestatum
865 646 1044 739 culmine,
1064 648 1199 749 aliique
1214 650 1257 725 de

193 787 336 834 summo
348 761 447 859 apice
459 758 580 834 subito
592 761 685 859 pulsi
697 776 849 861 gemunt
862 762 900 834 in
915 763 1053 864 ingenti
1067 766 1255 841 moestitia.

192 878 251 950 Sic
276 878 384 951 Githa
408 877 568 952 Goduini
593 880 736 952 comitis
757 877 900 967 relicta,
919 879 1105 980 quondam
1124 883 1257 957 divitiis

191 996 347 1096 gaudens
368 1012 404 1069 et
421 997 600 1096 potentis,
618 1022 717 1069 nunc
737 996 851 1071 nimio
867 1022 1029 1073 moerore
1044 1016 1099 1073 est
1113 1001 1256 1089 effecto,

127 1108 132 1125 ‘
191 1113 275 1213 quia
290 1110 455 1209 gravibus
471 1112 681 1186 infortuniis
696 1112 925 1189 vehementer
941 1131 995 1189 est
1011 1116 1153 1191 afflicta.
1167 1117 1259 1193 Nam

192 1246 328 1328 septem
355 1228 449 1302 lilios
473 1230 553 1305 viro
575 1254 640 1303 suo
660 1229 829 1328 peperit:
852 1229 1030 1317 Sucnum,
1048 1232 1256 1321 Tosticum,

191 1344 404 1432 Heraldum,
423 1343 586 1433 Guorth,
606 1343 815 1445 Elfgorum,
835 1345 1051 1421 Leofvinum
1067 1362 1105 1421 et
1122 1348 1260 1424 Wlno-

191 1461 1259 1565 dum(r).0mneshicomitesluerunt,magnoqueoorporis

191 1576 320 1652 decore
338 1594 375 1651 et
393 1578 555 1650 saeculari
578 1575 760 1677 probitate
775 1578 994 1678 viguerunt3
1021 1577 1082 1655 sed
1100 1580 1259 1655 diversos

193 1713 229 1769 ct
244 1711 381 1769 atroces
395 1710 543 1769 eventus
560 1697 750 1796 sepas-stim
766 1698 904 1796 experti
923 1713 1020 1771 sunt.
1040 1697 1212 1799 Elfgnrus
1224 1712 1261 1774 ct

193 1812 376 1885 Wlnodus
398 1815 514 1886 Deum
535 1812 722 1914 diligentes
742 1815 802 1913 pie
823 1814 1052 1916 legitimeque
1067 1817 1258 1905 vixerunt,

193 1945 230 2003 ct
246 1930 283 2001 in
299 1956 380 2002 vera
398 1928 623 2003 consessione
638 1929 741 2027 prior
757 1929 880 2001 Remis
896 1931 1107 2031 peregrinus
1123 1946 1162 2005 et
1176 1957 1263 2007 mo·

194 2047 349 2136 nachus,
365 2063 402 2120 et
413 2047 504 2120 ulter
517 2045 723 2120 Salesberiae
735 2049 789 2146 (2)
802 2046 1056 2123 venerabiliter
1071 2047 1259 2125 obierunt.

193 2167 331 2240 Verum
356 2163 413 2236 alii
436 2166 600 2264 quinque
620 2163 768 2237 diversis
793 2165 830 2236 in
853 2164 959 2253 locis,
986 2166 1166 2267 variisque
1186 2182 1262 2240 stu·

194 2283 261 2356 diis
289 2283 420 2356 intenti
448 2281 556 2354 armis
585 2281 815 2354 interierunt.
847 2282 982 2355 Moesta
1011 2282 1121 2383 igitur
1145 2298 1263 2363 mater

193 2400 390 2473 Guillelmo
409 2398 491 2471 duci
511 2423 578 2497 pro
599 2423 751 2496 corpore
772 2397 916 2470 Hernldi
936 2425 1001 2497 par
1019 2400 1096 2471 auri
1116 2398 1262 2499 pondus

194 2516 348 2601 obtulit,
364 2514 423 2588 sed
440 2514 688 2614 magnanimus
701 2515 819 2587 victor
833 2514 903 2587 tale
919 2516 1177 2589 commercium
1190 2543 1264 2591 res·

195 2797 319 2853 relativos
331 2801 345 2847 i
359 2795 567 2848 Penterrement
580 2791 616 2846 de
628 2790 742 2846 Harold.
758 2791 888 2846 L’auteur
901 2791 936 2847 de
948 2792 974 2847 la
989 2793 1105 2867 legende
1117 2794 1259 2850 intituler:

197 2885 264 2938 Vita
277 2881 409 2947 Har-nidi,
431 2879 549 2953 pretend
561 2879 629 2952 qu'il
642 2878 686 2933 fut
699 2878 822 2933 recueilli
842 2879 931 2952 parmi
947 2879 986 2934 les
998 2890 1100 2948 morte,
1118 2891 1149 2936 et
1165 2882 1263 2955 soigne

194 2973 319 3047 pendant
328 2973 401 3028 deux
415 2989 463 3026 ans
474 2989 524 3042 par
538 2987 594 3024 une
610 2969 711 3024 femme
721 2969 862 3024 Sarrasine
878 2971 894 3023 i
906 2970 1102 3037 Winchester;
1117 2970 1154 3026 de
1164 2970 1192 3026 li
1204 2971 1264 3029 ille

192 3064 243 3118 fait
260 3062 328 3117 aller
342 3079 378 3116 eu
394 3059 552 3133 pelerinage
570 3076 623 3112 aux
636 3058 720 3112 saints
735 3057 821 3124 lieux,
838 3067 867 3111 et
879 3056 904 3111 le
917 3059 1028 3113 morene
1044 3076 1080 3113 eo
1093 3058 1262 3133 Anglcterre

192 3171 266 3227 pour
277 3170 373 3207 menei·
384 3168 439 3203 nne
449 3148 550 3221 longue
559 3148 603 3201 rie
614 3146 682 3200 dans
695 3145 720 3199 is
733 3144 851 3200 solitude
859 3155 888 3199 et
898 3144 922 3199 la
932 3147 1078 3218 penitense
1086 3144 1112 3199 la
1123 3146 1187 3219 plus
1196 3164 1261 3202 aus-

192 3245 266 3310 tire3
279 3249 351 3296 cette
364 3235 590 3292 transformation
600 3234 635 3289 de
645 3232 751 3289 Harold
761 3252 796 3289 en
810 3234 882 3288 saint
894 3234 1021 3307 pourrait
1032 3251 1129 3289 causer
1139 3234 1263 3311 quelque

192 3332 330 3405 surprise,
346 3330 367 3384 si
385 3327 441 3382 l'on
457 3344 492 3381 ne
508 3326 593 3381 savait
604 3343 660 3399 que
677 3323 716 3378 les
727 3325 814 3397 partis
826 3334 970 3397 acceptent
985 3323 1025 3377 lcs
1041 3334 1138 3379 contos
1148 3324 1189 3380 les
1199 3326 1262 3401 pius

191 3420 323 3476 absus-des
339 3415 430 3491 plutdt
442 3433 497 3489 qnc
513 3414 553 3469 les
569 3414 632 3469 faits
645 3413 798 3467 contraires
814 3415 830 3467 i
843 3412 917 3468 leurs
934 3412 1083 3467 affectious.

226 3510 266 3581 (ι)
282 3508 397 3582 Sweyn,
413 3505 521 3572 Tostic,
536 3501 658 3570 Harold‚
671 3501 781 3571 Gumis,
797 3502 938 3571 Leoiwin,
952 3501 1048 3575 Aliger
1059 3502 1259 3559 ethllnotlr.

191 3598 231 3653 Ce
248 3596 360 3652 dernier
377 3604 419 3650 cst
437 3591 534 3666 sppclc'
547 3589 646 3646 Alnod
664 3589 719 3644 citt
735 3590 840 3663 (Clito)
859 3590 927 3645 dans
944 3589 970 3644 le
986 3589 1151 3663 Domesday
1168 3590 1258 3646 Book.

193 3690 230 3743 La
241 3696 374 3741 comtessc
388 3683 490 3750 Gitln,
509 3681 570 3737 leur
587 3683 678 3749 mire,
693 3680 761 3735 c'tait
772 3699 847 3735 soeur
859 3680 895 3735 de
910 3680 1009 3752 Sweyn
1022 3697 1059 3734 ou
1072 3680 1201 3747 Suenon,
1217 3682 1260 3736 mi

191 3774 227 3831 de
239 3771 421 3829 Danemarclr.

226 3864 266 3933 (α)
283 3862 371 3917 Notoe
384 3869 484 3915 auteur
498 3858 592 3913 oublie
610 3857 645 3912 de
665 3857 727 3912 dire
745 3876 800 3931 quc
816 3857 842 3911 la
859 3857 901 3912 rie
920 3857 956 3911 de
968 3856 1119 3911 Wullnotlr
1142 3856 1260 3912 s’eoouls

191 3963 255 4009 tour
271 3954 377 4007 entiire
391 3969 426 4006 en
440 3950 553 4022 prison,
567 3948 665 4021 depuis
676 3949 702 4004 le
716 3957 841 4003 moment
857 3949 894 4002 ori
911 3947 930 4001 il
944 3947 987 4002 lut
1003 3950 1107 4020 envoye
1124 3966 1160 4002 en
1176 3956 1261 4018 otage

189 4041 292 4113 cupreo
303 4040 338 4095 de
350 4038 512 4097 Gnillsume
524 4055 574 4111 par
585 4035 927 4092 Edouard·lc·Coniesseur
936 4055 971 4091 en
985 4035 1066 4103 1052,
1078 4035 1142 4090 saul
1150 4035 1177 4090 le
1187 4036 1259 4107 petit

294 4126 352 4185 ’de
360 4128 441 4201 jours
452 4128 501 4205 qui
512 4124 693 4183 s'ecoulercnt
701 4136 781 4182 entre
789 4143 818 4180 sa
831 4124 987 4181 de'livrsnce
999 4145 1050 4200 par
1062 4125 1089 4180 le
1102 4142 1258 4199 monuique

338 4217 404 4291 pris
412 4216 560 4289 d’cxpirer‚
569 4224 599 4271 et
610 4232 638 4271 ss
649 4212 774 4271 nouvelle
784 4214 931 4289 amiciti,
943 4214 992 4288 qui
1005 4213 1049 4269 lut
1061 4212 1119 4269 l'un
1128 4212 1180 4271 des
1188 4230 1256 4287 prc-

338 4318 359 4359 ts
369 4300 405 4359 dc
415 4300 715 4361 Guittaume-tettonx
728 4302 849 4360 arrimnt
860 4320 896 4360 cn
905 4300 1080 4375 Anglctcnr.
