2926 4980
180 399 288 474 [roas]
554 392 670 453 uteru
690 390 867 452 renatus.
1157 409 1159 414 ·
1200 397 1240 455 aa

180 535 330 611 peregre
355 507 582 608 proficiscens
611 506 695 581 illuc
728 506 892 594 advenit,
923 533 1030 605 quem
1059 507 1241 608 hospitalis

181 627 362 728 Ansgotus
388 651 471 698 cum
497 624 666 700 omnibus
693 626 764 697 suis
791 623 981 698 clientibus
1007 651 1109 699 more
1133 627 1241 701 solito

182 741 436 818 venerabiliter
455 741 594 842 aliquot
614 739 738 814 diebus
761 739 896 814 ibidem
916 740 1079 814 retinuit.
1105 743 1242 815 Deinde

184 857 425 934 venerabilem
442 855 677 930 Teodericum
703 883 786 928 cnm
802 857 873 928 suis
895 855 1093 956 pedisequis
1111 857 1141 931 ei
1160 884 1242 957 sup-

184 974 327 1074 pliciter
359 970 645 1064 commendavit,
682 987 717 1043 et
750 985 891 1072 quanta
922 971 1118 1042 sanctitatis
1149 971 1244 1071 apud

184 1091 300 1162 Deum
333 1101 369 1160 et
403 1085 633 1158 sublimitatis
666 1111 746 1185 erga
777 1083 940 1161 homines
970 1087 1007 1156 in
1041 1113 1101 1158 sua
1132 1088 1243 1184 patria

184 1216 293 1291 esset,
312 1201 513 1275 luculenter
532 1200 724 1273 enarravit.
743 1199 878 1272 Praesul
902 1214 1021 1271 autem
1041 1199 1160 1272 audita
1178 1202 1245 1273 viri

184 1317 372 1393 sanctitate
392 1318 472 1391 Deo
491 1317 620 1416 gratias
638 1317 729 1414 egit,
747 1340 919 1415 eumque,
943 1331 985 1386 ut
1005 1315 1152 1390 decebat
1169 1334 1247 1391 tan·

187 1453 265 1509 tum
279 1442 416 1521 virum,
431 1430 635 1532 benigniter
650 1432 821 1530 suscepit,
838 1458 1028 1532 secumque
1041 1449 1248 1508 reverenter

184 1576 296 1652 usque
311 1547 541 1622 Antiochiam
559 1546 717 1620 deduxit.
739 1546 791 1620 lbi
813 1547 949 1621 diversa
969 1550 1167 1648 peregrinis
1183 1574 1249 1623 vo-

186 1664 305 1740 luntas
322 1664 451 1740 oborta
468 1680 534 1738 est.
555 1664 646 1737 Nam
664 1664 810 1765 quidam
832 1690 958 1738 eorum
975 1680 1145 1740 terrestre
1163 1668 1245 1755 iter,

185 1799 228 1855 ut
252 1797 458 1882 coeperant,
486 1807 599 1881 usque
625 1782 662 1853 in
688 1781 882 1854 Jerusalem
908 1797 1030 1856 tenere
1063 1783 1246 1857 volebant.

187 1896 258 1970 Alii
277 1922 362 1971 reso
384 1894 586 1968 barbariem
604 1896 766 1995 gentium
784 1912 1002 1986 metuentes,
1025 1899 1168 1998 navigio
1185 1926 1250 1998 per

187 2029 345 2112 pontum
370 2012 422 2086 ire
448 2011 702 2102 decreverunt,
730 2038 886 2113 quorum
911 2013 1062 2085 consilio
1086 2013 1250 2111 pontifex

189 2142 226 2200 et
242 2125 370 2215 abbas,
388 2125 520 2228 aliique
535 2127 655 2225 plures
676 2151 854 2199 assensum
874 2124 1122 2225 praebuerunt.
1142 2128 1251 2201 Cum·

189 2269 261 2344 que
283 2242 416 2343 praesul
437 2269 565 2315 navem
580 2257 774 2342 nautasque
791 2243 926 2341 peritos
944 2244 1188 2343 perquireret,
1214 2262 1250 2321 et

189 2359 335 2460 quidam
355 2359 540 2459 religiosus
558 2355 844 2429 Archimandrita
870 2356 1030 2431 coenobii
1048 2360 1168 2431 Sancti
1191 2361 1250 2432 Si-

190 2476 329 2550 meonis
348 2475 385 2547 in
403 2491 515 2574 portu
530 2474 645 2575 Syriae
659 2472 899 2548 Teodericum
921 2500 1005 2547 cum
1020 2476 1091 2546 suis
1109 2477 1250 2548 comiti·

189 2592 257 2664 bus
274 2590 537 2666 honorabiliter
551 2591 744 2678 detineret,
760 2588 957 2665 Herbertus
972 2591 1151 2666 Uticensis
1167 2619 1249 2666 mo-

190 2707 325 2783 nachus
343 2709 412 2782 iter
432 2704 648 2780 accelerandi
669 2705 844 2780 desiderio
865 2705 1093 2806 fatigabatur,
1116 2710 1248 2808 magis·

189 2852 260 2926 que
280 2852 346 2925 per
371 2840 504 2898 terram
519 2849 629 2924 quam
646 2849 711 2921 per
734 2849 831 2897 mare
847 2838 967 2895 sancta
989 2823 1066 2896 loca
1084 2841 1248 2923 expetere

188 2941 385 3018 nitebatur.
408 2941 527 3015 Abbas
551 2943 668 3042 itaque
689 2968 773 3015 suus
791 2943 821 3016 ei
845 2943 1025 3016 licentiam
1045 2943 1150 3016 eundi
1173 2971 1248 3044 quo

189 3060 296 3135 vellet
319 3058 430 3133 dedit.
456 3058 520 3131 llle
542 3073 660 3131 autem
687 3074 854 3133 terrestre
878 3060 946 3133 iter
969 3087 1136 3158 carpens,
1165 3089 1248 3135 cum

188 3191 305 3247 turma
322 3172 482 3273 peditum
500 3199 612 3274 usque
628 3172 830 3248 Laodiciam
847 3175 1030 3273 pervenit,
1049 3175 1172 3275 ibique
1188 3202 1246 3250 ve·

187 3291 373 3365 hementer
386 3306 563 3391 aegrotans
577 3291 682 3364 sociis
695 3289 908 3364 abeuntibus
920 3290 981 3364 diu
996 3295 1180 3366 remansit.
1200 3297 1249 3367 Et

186 3422 377 3508 postquam
389 3406 448 3478 rix
463 3404 507 3480 de
523 3405 654 3480 lectulo
667 3408 838 3497 surrexit,
854 3433 929 3480 non
949 3408 985 3479 in
1001 3424 1103 3482 antea
1121 3410 1246 3509 pedem

189 3520 363 3608 tetendit,
381 3520 441 3595 sed
458 3512 544 3595 Eois
556 3520 718 3620 partibus
734 3521 868 3594 relictis
886 3521 1141 3596 occidentalem
1154 3525 1247 3599 Nor·

187 3638 373 3712 manniam
387 3637 602 3738 quantocius
618 3637 773 3736 repetiit.

237 3752 372 3828 Deinde
398 3754 529 3852 praesul
556 3767 592 3827 et
614 3752 831 3826 Teodericus
860 3770 896 3826 et
917 3754 1132 3828 Willermus
1151 3763 1248 3832 Bona

186 3873 335 3961 Anima,
355 3872 514 3971 sociique
530 3896 656 3944 eorum
673 3872 710 3943 in
728 3886 837 3970 portu
851 3872 969 3944 Sancti
989 3874 1166 3947 Simeonis
1181 3904 1249 3953 na-

186 4013 267 4062 vem
295 3985 549 4077 ascenderunt,
578 4003 614 4060 et
641 3986 816 4060 sulcantes
844 4012 988 4088 aequora
1021 3990 1057 4062 in
1086 3986 1248 4092 Cyprum

188 4101 342 4174 insulam
360 4101 637 4203 navigavcrqnt,
663 4101 785 4202 ibique
806 4103 843 4174 in
869 4102 991 4185 littore
1010 4105 1118 4177 maris
1137 4104 1250 4180 abba·

261 4244 299 4290 n.
1084 4228 1105 4296 5
