2910 4980
265 458 306 518 00
541 454 725 515 HlS'l'OlllA
747 452 1050 514 ncctssstasttca.
1122 456 1329 536 [toto-roso]

266 598 349 645 cum
368 572 468 644 omni
487 571 621 644 familia
644 598 705 645 sua
725 572 961 646 amicabiliter
982 571 1134 645 babitus.
1153 572 1241 648 Viso
1265 574 1331 646 ita·

264 712 335 788 que
349 686 509 761 Fulcone
521 686 718 778 monacho,
734 686 906 762 beneficia
922 687 1105 762 beneficiis
1119 700 1331 788 recompen-

265 829 342 876 sare
360 802 489 875 voluit.
509 802 578 877 Sed
597 805 680 905 quia
696 808 771 904 jam
790 804 941 904 longum
965 822 1104 905 tempus
1123 790 1327 894 effluxerat,

266 935 303 994 et
319 919 560 995 Anscbetillus
577 950 616 997 ea
631 949 713 1023 quae
729 922 915 1023 repetebat
932 923 1144 1022 insipienter
1159 921 1330 1022 deposue-

265 1053 345 1127 rat,
362 1041 422 1111 vix
438 1042 559 1139 potuit
572 1066 783 1140 recuperare
798 1067 907 1141 pauca
923 1057 959 1115 et
974 1041 1100 1115 viliora
1115 1040 1230 1114 ex'bis
1246 1066 1330 1141 quae

266 1154 304 1225 in
323 1151 450 1252 Apulia
472 1173 684 1256 susceperat.
707 1155 862 1230 Calicem
878 1154 1105 1230 solummodo
1120 1167 1331 1254 argenteum

266 1283 303 1341 et
333 1269 418 1343 duas
448 1273 601 1361 casulas,
631 1271 848 1373 dentemque
872 1271 1068 1370 elephantis
1095 1285 1132 1344 et
1158 1271 1331 1371 ungulam

265 1386 431 1488 gryphis,
447 1414 530 1461 cum
543 1389 620 1461 aliis
637 1387 850 1490 quibusdam
867 1386 973 1462 rebus
991 1387 1180 1462 difficulter
1196 1389 1328 1488 exegit.

265 1505 402 1578 Deinde
424 1506 590 1580 monachi
601 1560 613 1595 ,
640 1506 869 1580 consideratis
890 1504 1076 1578 fraudibus
1095 1502 1329 1604 Anscbetilli,

267 1738 439 1811 Ricardus
454 1739 499 1814 de
511 1739 680 1813 Abrincis
695 1741 790 1813 filius
803 1741 967 1813 Turstini
986 1741 1002 1839 (
1011 1742 1060 1838 ι),
1077 1740 1208 1840 aliique
1224 1740 1331 1812 multi

265 1880 431 1955 proceres
447 1856 491 1928 ad
510 1857 750 1955 adjuvandum
768 1884 851 1931 eum
868 1857 1038 1931 fuerunt'
1059 1842 1128 1931 Sed
1146 1855 1332 1931 monachis

266 1969 530 2044 rationabiliter
551 1969 875 2073 conquerentibus,
894 1977 993 2071 justo
1006 1971 1144 2070 judicio
1160 1970 1332 2045 determi·
1416 2055 1420 2061 ,

267 2103 392 2160 natum
404 2104 457 2162 est
472 2105 513 2162 ut
524 2116 671 2165 omnem
681 2090 847 2180 feudum,
863 2117 972 2192 quem
987 2091 1060 2190 ipse
1070 2089 1161 2164 deS.
1175 2076 1331 2164 Ebrullo

266 2203 424 2295 tenebat,
440 2209 636 2282 amitteret.
649 2208 810 2282 Tandem
823 2207 1052 2282 suadentibus
1065 2208 1186 2280 amicis
1200 2208 1332 2280 utrius·

265 2348 336 2424 que
358 2326 470 2424 partis
490 2325 681 2400 concordia
700 2326 779 2398 talis
798 2326 891 2398 sacta
910 2342 975 2399 est.
994 2323 1235 2397 llnscbetillus
1252 2350 1332 2397 rea·

267 2455 345 2513 tum
363 2468 467 2515 suum
487 2443 604 2542 palam
625 2442 806 2517 consessus
828 2441 1073 2514 vadimonium
1099 2437 1218 2513 abbati
1237 2441 1330 2514 Teo·

266 2553 389 2628 derico
411 2555 528 2647 dedit,
547 2557 731 2632 monachis
758 2571 799 2631 ut
823 2559 878 2629 sui
900 2557 1156 2630 misererentur
1181 2552 1332 2628 bumili-

268 2686 324 2744 ter
337 2672 550 2772 supplicavit
558 2703 569 2763 3
585 2692 621 2748 et
632 2702 701 2776 pro
721 2674 1054 2775 recompensatione
1070 2672 1214 2759 damni,
1232 2670 1331 2772 quod

267 2785 337 2859 illis
360 2815 425 2887 per
450 2790 626 2890 ignaviam
651 2816 752 2863 suam
772 2790 922 2879 fecerat,
936 2789 1115 2863 Uticensis
1133 2786 1240 2886 burgi
1263 2800 1333 2861 ter

266 2904 354 2976 tiam
371 2920 528 3005 partem,
547 2935 655 3010 quam
673 2934 717 2983 ex
739 2925 887 3008 paterna
907 2908 1115 2982 haereditate
1137 2902 1330 3015 habuerat,

266 3022 302 3095 S.
313 3021 468 3099 Ebrulfo
482 3052 604 3101 eoram
617 3027 742 3100 multis
752 3027 901 3102 testibus
914 3025 1088 3099 concessit
1096 3051 1107 3111 ς
1121 3038 1158 3096 et
1170 3019 1333 3096 donatio·

266 3164 351 3213 nem
367 3167 432 3240 per
448 3167 558 3215 unam
576 3143 707 3243 pallam
724 3171 766 3218 ex
783 3146 917 3231 serico,
937 3140 1033 3216 unde
1049 3166 1157 3238 cappa
1175 3138 1333 3212 cantoris

266 3257 358 3331 facta
376 3276 450 3346 est,
471 3286 579 3359 super
596 3261 706 3334 altare
731 3262 863 3360 posuit.
881 3257 1050 3335 Monachi
1076 3256 1185 3357 igitur
1200 3256 1333 3354 pietate

267 3378 358 3450 moti
377 3392 491 3450 errata
513 3404 574 3450 sua
590 3377 786 3454 clementer
810 3380 841 3451 ei
865 3375 1111 3460 indulserunt,
1134 3387 1171 3445 et
1185 3396 1333 3445 omnem

267 3492 449 3594 reliquum
466 3492 615 3566 feudum
636 3522 760 3583 suum,
783 3509 917 3595 praeter
935 3491 1003 3567 boc
1017 3491 1117 3591 quod
1133 3489 1333 3563 amicorum

266 3611 496 3708 persuasione
517 3610 720 3701 obtulerat,
744 3612 950 3713 benigniter
973 3609 1226 3709 permiserunt.
1255 3607 1334 3705 lpse

268 3736 344 3799 non
361 3725 480 3797 multo
494 3742 577 3825 post
597 3726 765 3827 Apuliam
781 3727 952 3828 expetiit,
972 3722 1093 3824 ibique
1111 3723 1248 3795 occisus
1265 3735 1331 3794 est.

317 3837 499 3941 Antiquus
516 3843 629 3915 bostis
645 3869 844 3943 numquam
861 3856 972 3916 cessat
990 3838 1157 3912 Ecclesiae
1175 3836 1335 3937 quietem

301 4135 342 4207 (t)
358 4132 494 4205 Ricband,
509 4137 628 4192 vicnmte
640 4136 842 4202 d’bvrancbcs,
860 4134 902 4189 fils
915 4132 951 4188 de
970 4132 1104 4188 Tourtain
1124 4129 1199 4198 Get,
1216 4147 1334 4202 gonter-

391 4222 487 4294 ixmea,
499 4238 527 4282 et
536 4227 602 4300 pire
615 4226 650 4283 de
665 4227 794 4301 liugues,
809 4234 901 4282 comte
914 4221 949 4279 de
962 4222 1090 4278 Cbester.
