2926 4980
195 347 307 426 [107³]
564 340 683 403 tmen
703 341 896 418 QUARTUS.
1204 346 1264 406 255

195 486 281 540 cnm
291 464 468 566 phalange
476 486 538 535 sua
548 448 700 550 obsedit,
713 459 833 562 ibique
842 459 1031 536 Rodberto
1040 463 1084 536 de
1092 462 1263 537 Belesmia

195 580 385 683 cingulum
398 578 539 652 milities
555 579 760 678 precinxit.
780 577 964 651 Hubertus
979 593 1100 652 nutem
1116 580 1266 679 oppida-

195 722 269 772 nus
283 721 407 797 pacem
421 720 503 767 cnm
517 720 601 795 rege
614 693 771 794 pepigit,
786 709 899 767 cestre
912 719 975 767 sua
987 693 1264 769 Fredernaicnm

195 829 236 889 et
255 811 483 886 Belmontem
502 812 558 909 (s)
573 808 747 898 reddidit,
768 811 874 910 eique
894 810 1080 911 aliquanto
1105 827 1265 912 tempore

194 925 430 1031 postmodum
447 927 605 1001 servivit.
625 924 762 1000 Deinde
778 950 842 999 rex
858 924 1022 1000 Silleium
1034 929 1087 1026 (n)
1105 926 1262 1017 obsedit,

195 1044 259 1121 scd
281 1045 468 1118 cestrensis
490 1043 595 1117 herus
612 1068 733 1142 regem
750 1041 900 1143 supplex
915 1045 1082 1143 expetiit,
1102 1063 1139 1119 et
1158 1061 1264 1146 opta-

195 1178 274 1236 tam
290 1184 414 1262 pacem
431 1160 648 1258 impetravit.
669 1160 756 1259 Regi
775 1159 951 1232 nimirum
966 1186 1050 1232 cum
1066 1162 1177 1234 nimia
1192 1163 1265 1235 vir-

195 1293 280 1352 tute
301 1275 511 1377 properanti
535 1274 655 1348 nullus
675 1273 829 1349 audebat
849 1277 1012 1350 resistere
1023 1305 1034 1365 ;
1059 1277 1120 1363 sed
1140 1303 1265 1351 omnes

194 1394 369 1495 oppidani
384 1420 428 1466 sc
444 1418 612 1493 pagenses
629 1418 713 1464 cum
730 1392 867 1466 clericis
884 1409 923 1466 et
937 1392 1109 1467 omnibus
1121 1395 1267 1495 religio-

195 1513 246 1586 sis
258 1510 448 1612 pacificum
463 1507 711 1582 marchionem
726 1509 966 1583 decreverunt
978 1510 1135 1610 digniter
1150 1514 1265 1583 susci-

194 1652 302 1730 pere,
313 1631 464 1728 ejusque
478 1625 608 1700 ditioni
623 1625 793 1726 legitimae
806 1641 990 1726 gintanter
1006 1626 1096 1702 colla
1115 1626 1266 1700 submit-

196 1762 289 1820 tere.
305 1742 467 1817 Tandem
478 1769 542 1816 rex
553 1743 796 1815 Cenomannis
808 1743 922 1832 venit,
938 1742 1103 1842 pluribus
1116 1746 1265 1818 catervis

196 1860 330 1937 urbem
346 1858 508 1946 obsedit,
525 1857 640 1932 edicta
657 1858 788 1960 regalia
805 1862 877 1932 suis
893 1876 1101 1960 opportune
1118 1863 1266 1934 intima·

196 1980 272 2067 vit,
292 1995 328 2052 et
346 1976 495 2049 urbanis
513 1977 704 2075 imperiose
719 1975 903 2049 mandavit
925 1993 968 2049 nt
983 1978 1181 2077 prudenter
1197 1980 1265 2051 sibi

197 2095 451 2180 consulerent,
475 2108 512 2165 et
536 2090 665 2166 urbem
688 2107 772 2164 ante
791 2093 943 2166 assultus
966 2110 1002 2167 et
1025 2094 1138 2168 caedes
1160 2112 1268 2196 atque

197 2211 508 2288 concremationes
532 2209 600 2282 sibi
625 2235 708 2281 cum
733 2236 820 2310 pace
843 2209 1048 2285 redderent.
1077 2214 1118 2284 ln
1144 2217 1266 2286 crasti-

197 2348 290 2403 num
301 2344 421 2400 eutem
434 2341 582 2426 accepto
598 2325 731 2398 salubri
746 2325 899 2400 consilio
916 2327 1010 2400 cives
1026 2330 1154 2428 egressi
1167 2345 1265 2417 sunt,

197 2461 238 2520 et
257 2444 435 2544 supplices
457 2446 532 2543 regi
558 2442 672 2515 claves
695 2443 849 2514 civitatis
872 2443 1102 2533 detulerunt,
1124 2471 1268 2545 seseque

195 2561 389 2651 dedentes,
417 2588 437 2632 a
463 2587 546 2662 rege
574 2557 782 2660 benigniter
810 2562 963 2660 suscepti
994 2572 1092 2636 sunt.
1124 2563 1265 2664 Reliqui

197 2701 290 2753 vem
305 2678 616 2752 cenomannenses
632 2675 751 2748 territi
768 2692 874 2764 sunt,
892 2690 933 2749 ut
952 2691 1089 2751 tanum
1109 2679 1267 2751 inunda-

196 2795 340 2868 tionem
353 2795 519 2867 immanis
532 2792 710 2868 exercitus
722 2819 789 2893 per
800 2792 890 2868 fines
905 2820 987 2868 suos
1000 2794 1153 2869 diffundi
1167 2795 1266 2870 vide·

198 2929 310 3006 runt,
321 2916 468 3012 jamque
485 2937 568 2984 suos
580 2911 773 3011 complices
786 2927 822 2986 et
832 2911 991 2989 fautores
1004 2912 1172 2988 defecisse
1183 2929 1267 2989 ante

198 3028 329 3103 faciem
344 3028 588 3129 probatissimi
607 3027 791 3102 bellatoris
811 3046 1006 3104 noverunt.
1029 3033 1099 3130 lpsi
1119 3058 1266 3132 quoque

195 3144 296 3245 pecls
315 3142 449 3245 legatos
467 3144 598 3216 victori
616 3143 906 3233 destinaverunt,
933 3160 970 3219 et
985 3143 1076 3217 datis
1093 3144 1139 3217 ab
1157 3147 1269 3217 utris-

199 3288 272 3363 que
287 3260 440 3349 dextris,
461 3261 527 3360 ipsi
545 3259 723 3361 regalibus
736 3261 846 3361 signis
858 3287 919 3334 sua
935 3261 1059 3336 vexilla
1073 3260 1268 3362 gaudentes

198 3377 484 3466 associaverunt,
503 3391 540 3450 et
560 3377 689 3450 exinde
711 3378 749 3450 in
765 3377 875 3450 domo
897 3403 957 3449 sua
979 3392 1015 3451 et
1032 3377 1100 3449 sub
1116 3378 1190 3451 vite
1206 3404 1266 3448 sna

198 3495 336 3569 inorari
354 3509 390 3567 et
409 3493 530 3568 ludere
546 3495 574 3565 si
594 3492 684 3566 libet
702 3495 823 3594 quiete
840 3494 1002 3594 permissi
1021 3511 1119 3566 sunt.

249 3612 386 3685 Pacatis
401 3612 520 3712 itaque
535 3612 613 3685 sine
626 3637 757 3712 magno
773 3610 980 3685 discrimine
996 3611 1268 3685 Cenomonnen-

199 3727 319 3817 sibus,
337 3744 374 3802 et
390 3727 536 3828 pacifice
553 3727 622 3801 sub
637 3727 820 3802 Gnillelmi
835 3729 927 3831 regis
947 3728 1086 3804 ditione
1105 3728 1270 3831 degenti-

210 4016 217 4022 “
238 4013 277 4081 (ι)
296 4009 646 4066 beaumont-le-Vicomte.

239 4102 278 4170 (s)
296 4099 590 4156 silit-le-Guillaume.
