<?xml version="1.0" encoding="UTF-8"?>
<!DOCTYPE html PUBLIC "-//W3C//DTD XHTML 1.0 Transitional//EN"
    "http://www.w3.org/TR/xhtml1/DTD/xhtml1-transitional.dtd">
<html xmlns="http://www.w3.org/1999/xhtml" xml:lang="en" lang="en">
 <head>
  <title>
</title>
<meta http-equiv="Content-Type" content="text/html;charset=utf-8" />
  <meta name='ocr-system' content='tesseract 3.04.00' />
  <meta name='ocr-capabilities' content='ocr_page ocr_carea ocr_par ocr_line ocrx_word'/>
</head>
<body>
  <div class='ocr_page' id='page_1' title='image "./ordericivitalis01deligoog/ordericivitalis01deligoog_0476.png"; bbox 0 0 2910 4980; ppageno 0'>
   <div class='ocr_carea' id='block_1_1' title="bbox 189 361 1339 476">
    <p class='ocr_par' dir='ltr' id='par_1_1' title="bbox 189 361 1339 476">
     <span class='ocr_line' id='line_1_1' title="bbox 189 361 1339 476; baseline 0.001 -18"><span class='ocrx_word' id='word_1_1' title='bbox 189 400 396 476; x_wconf 71' lang='lat' dir='ltr'>[inc-inc]</span> <span class='ocrx_word' id='word_1_2' title='bbox 558 396 675 457; x_wconf 79' lang='lat' dir='ltr'>nanu</span> <span class='ocrx_word' id='word_1_3' title='bbox 696 392 881 471; x_wconf 80' lang='lat' dir='ltr'>enimus.</span> <span class='ocrx_word' id='word_1_4' title='bbox 965 410 968 415; x_wconf 54' lang='lat'>&gt;</span> <span class='ocrx_word' id='word_1_5' title='bbox 1194 397 1254 459; x_wconf 69' lang='lat' dir='ltr'>aaa</span> <span class='ocrx_word' id='word_1_6' title='bbox 1337 361 1339 365; x_wconf 62' lang='grc'>’</span> 
     </span>
    </p>
   </div>
   <div class='ocr_carea' id='block_1_2' title="bbox 188 515 1263 3877">
    <p class='ocr_par' dir='ltr' id='par_1_2' title="bbox 188 515 1255 847">
     <span class='ocr_line' id='line_1_2' title="bbox 188 515 1253 591; baseline -0.004 -2"><span class='ocrx_word' id='word_1_7' title='bbox 188 516 234 590; x_wconf 86' lang='lat' dir='ltr'>ab</span> <span class='ocrx_word' id='word_1_8' title='bbox 251 519 350 591; x_wconf 93' lang='lat' dir='ltr'>omni</span> <span class='ocrx_word' id='word_1_9' title='bbox 370 542 479 589; x_wconf 86' lang='lat' dir='ltr'>censu</span> <span class='ocrx_word' id='word_1_10' title='bbox 495 517 532 587; x_wconf 83' lang='lat' dir='ltr'>S.</span> <span class='ocrx_word' id='word_1_11' title='bbox 552 516 675 588; x_wconf 85' lang='lat' dir='ltr'>Mariae</span> <span class='ocrx_word' id='word_1_12' title='bbox 693 515 861 589; x_wconf 79' lang='lat' dir='ltr'>ieddidit.</span> <span class='ocrx_word' id='word_1_13' title='bbox 881 515 1055 587; x_wconf 84' lang='lat' dir='ltr'>Fructum</span> <span class='ocrx_word' id='word_1_14' title='bbox 1071 515 1179 588; x_wconf 91' lang='lat' dir='ltr'>etiam</span> <span class='ocrx_word' id='word_1_15' title='bbox 1196 516 1253 586; x_wconf 85' lang='lat' dir='ltr'>vi-</span> 
     </span>
     <span class='ocr_line' id='line_1_3' title="bbox 189 630 1255 731; baseline -0.001 -26"><span class='ocrx_word' id='word_1_16' title='bbox 189 660 267 705; x_wconf 89' lang='lat' dir='ltr'>neae</span> <span class='ocrx_word' id='word_1_17' title='bbox 295 635 331 704; x_wconf 92' lang='lat' dir='ltr'>in</span> <span class='ocrx_word' id='word_1_18' title='bbox 363 634 439 731; x_wconf 86' lang='lat' dir='ltr'>ipso</span> <span class='ocrx_word' id='word_1_19' title='bbox 465 655 580 717; x_wconf 86' lang='lat' dir='ltr'>anno,</span> <span class='ocrx_word' id='word_1_20' title='bbox 609 631 653 704; x_wconf 88' lang='lat' dir='ltr'>ad</span> <span class='ocrx_word' id='word_1_21' title='bbox 676 631 862 705; x_wconf 81' lang='lat' dir='ltr'><strong>emendam</strong></span> <span class='ocrx_word' id='word_1_22' title='bbox 888 630 1098 730; x_wconf 80' lang='lat' dir='ltr'>imaginem,</span> <span class='ocrx_word' id='word_1_23' title='bbox 1123 647 1255 704; x_wconf 81' lang='lat' dir='ltr'>sanctee</span> 
     </span>
     <span class='ocr_line' id='line_1_4' title="bbox 189 746 497 847; baseline -0.023 -24"><span class='ocrx_word' id='word_1_24' title='bbox 189 748 332 847; x_wconf 84' lang='lat' dir='ltr'>Virgini</span> <span class='ocrx_word' id='word_1_25' title='bbox 349 746 497 821; x_wconf 88' lang='lat' dir='ltr'>obtulit.</span> 
     </span>
    </p>

    <p class='ocr_par' dir='ltr' id='par_1_3' title="bbox 190 862 1257 2126">
     <span class='ocr_line' id='line_1_5' title="bbox 239 862 1256 964; baseline 0 -27"><span class='ocrx_word' id='word_1_26' title='bbox 239 864 460 952; x_wconf 81' lang='lat' dir='ltr'>Grimoldus,</span> <span class='ocrx_word' id='word_1_27' title='bbox 475 891 587 964; x_wconf 83' lang='lat' dir='ltr'>nepos</span> <span class='ocrx_word' id='word_1_28' title='bbox 599 881 636 938; x_wconf 90' lang='lat' dir='ltr'>et</span> <span class='ocrx_word' id='word_1_29' title='bbox 652 864 765 938; x_wconf 84' lang='lat' dir='ltr'>haeres</span> <span class='ocrx_word' id='word_1_30' title='bbox 778 862 949 962; x_wconf 87' lang='lat' dir='ltr'>Stephani</span> <span class='ocrx_word' id='word_1_31' title='bbox 967 863 1011 936; x_wconf 91' lang='lat' dir='ltr'>de</span> <span class='ocrx_word' id='word_1_32' title='bbox 1027 864 1173 950; x_wconf 84' lang='lat' dir='ltr'>Manlia,</span> <span class='ocrx_word' id='word_1_33' title='bbox 1195 879 1256 937; x_wconf 90' lang='lat' dir='ltr'>to-</span> 
     </span>
     <span class='ocr_line' id='line_1_6' title="bbox 192 978 1255 1079; baseline -0.003 -25"><span class='ocrx_word' id='word_1_34' title='bbox 192 998 264 1054; x_wconf 89' lang='lat' dir='ltr'>tam</span> <span class='ocrx_word' id='word_1_35' title='bbox 281 982 454 1054; x_wconf 88' lang='lat' dir='ltr'>decimam</span> <span class='ocrx_word' id='word_1_36' title='bbox 469 998 574 1055; x_wconf 80' lang='lat' dir='ltr'>tecrae</span> <span class='ocrx_word' id='word_1_37' title='bbox 591 1008 684 1070; x_wconf 86' lang='lat' dir='ltr'>suae,</span> <span class='ocrx_word' id='word_1_38' title='bbox 704 998 777 1052; x_wconf 86' lang='lat' dir='ltr'>tam</span> <span class='ocrx_word' id='word_1_39' title='bbox 794 981 836 1053; x_wconf 93' lang='lat' dir='ltr'>de</span> <span class='ocrx_word' id='word_1_40' title='bbox 853 981 961 1054; x_wconf 86' lang='lat' dir='ltr'>leudo</span> <span class='ocrx_word' id='word_1_41' title='bbox 979 978 1132 1055; x_wconf 87' lang='lat' dir='ltr'>Ansoldi</span> <span class='ocrx_word' id='word_1_42' title='bbox 1147 1006 1255 1079; x_wconf 90' lang='lat' dir='ltr'>quam</span> 
     </span>
     <span class='ocr_line' id='line_1_7' title="bbox 190 1098 1257 1199; baseline 0 -27"><span class='ocrx_word' id='word_1_43' title='bbox 190 1099 355 1173; x_wconf 88' lang='lat' dir='ltr'>defendo</span> <span class='ocrx_word' id='word_1_44' title='bbox 373 1101 523 1199; x_wconf 91' lang='lat' dir='ltr'>Pagani,</span> <span class='ocrx_word' id='word_1_45' title='bbox 538 1100 783 1199; x_wconf 81' lang='lat' dir='ltr'>decimamque</span> <span class='ocrx_word' id='word_1_46' title='bbox 795 1098 993 1171; x_wconf 81' lang='lat' dir='ltr'>molendini</span> <span class='ocrx_word' id='word_1_47' title='bbox 1012 1101 1065 1171; x_wconf 88' lang='lat' dir='ltr'>sui</span> <span class='ocrx_word' id='word_1_48' title='bbox 1084 1115 1121 1172; x_wconf 89' lang='lat' dir='ltr'>et</span> <span class='ocrx_word' id='word_1_49' title='bbox 1137 1099 1257 1172; x_wconf 82' lang='lat' dir='ltr'>vinea·</span> 
     </span>
     <span class='ocr_line' id='line_1_8' title="bbox 191 1213 1253 1311; baseline 0.001 -25"><span class='ocrx_word' id='word_1_50' title='bbox 191 1241 274 1286; x_wconf 81' lang='lat' dir='ltr'>rum</span> <span class='ocrx_word' id='word_1_51' title='bbox 294 1242 438 1286; x_wconf 85' lang='lat' dir='ltr'>suarum</span> <span class='ocrx_word' id='word_1_52' title='bbox 463 1213 647 1287; x_wconf 86' lang='lat' dir='ltr'>monachis</span> <span class='ocrx_word' id='word_1_53' title='bbox 663 1213 778 1300; x_wconf 82' lang='lat' dir='ltr'>dedit,</span> <span class='ocrx_word' id='word_1_54' title='bbox 798 1228 834 1286; x_wconf 88' lang='lat' dir='ltr'>et</span> <span class='ocrx_word' id='word_1_55' title='bbox 849 1213 984 1286; x_wconf 91' lang='lat' dir='ltr'>donum</span> <span class='ocrx_word' id='word_1_56' title='bbox 1004 1240 1112 1311; x_wconf 85' lang='lat' dir='ltr'>super</span> <span class='ocrx_word' id='word_1_57' title='bbox 1129 1213 1253 1301; x_wconf 86' lang='lat' dir='ltr'>altare,</span> 
     </span>
     <span class='ocr_line' id='line_1_9' title="bbox 192 1328 1257 1427; baseline -0.001 -26"><span class='ocrx_word' id='word_1_58' title='bbox 192 1356 275 1401; x_wconf 90' lang='lat' dir='ltr'>cum</span> <span class='ocrx_word' id='word_1_59' title='bbox 288 1329 482 1402; x_wconf 83' lang='lat' dir='ltr'>Petronilla</span> <span class='ocrx_word' id='word_1_60' title='bbox 498 1356 609 1403; x_wconf 83' lang='lat' dir='ltr'>uxore</span> <span class='ocrx_word' id='word_1_61' title='bbox 628 1356 709 1415; x_wconf 85' lang='lat' dir='ltr'>sua,</span> <span class='ocrx_word' id='word_1_62' title='bbox 728 1331 862 1427; x_wconf 87' lang='lat' dir='ltr'>posuit.</span> <span class='ocrx_word' id='word_1_63' title='bbox 879 1328 1035 1416; x_wconf 85' lang='lat' dir='ltr'>Deinde,</span> <span class='ocrx_word' id='word_1_64' title='bbox 1053 1328 1097 1400; x_wconf 92' lang='lat' dir='ltr'>ad</span> <span class='ocrx_word' id='word_1_65' title='bbox 1114 1328 1257 1400; x_wconf 88' lang='lat' dir='ltr'>obitum</span> 
     </span>
     <span class='ocr_line' id='line_1_10' title="bbox 191 1443 1256 1543; baseline 0.002 -29"><span class='ocrx_word' id='word_1_66' title='bbox 191 1443 348 1542; x_wconf 80' lang='lat' dir='ltr'>praefatae</span> <span class='ocrx_word' id='word_1_67' title='bbox 373 1445 533 1543; x_wconf 89' lang='lat' dir='ltr'>conjugis</span> <span class='ocrx_word' id='word_1_68' title='bbox 554 1471 647 1531; x_wconf 83' lang='lat' dir='ltr'>suae,</span> <span class='ocrx_word' id='word_1_69' title='bbox 674 1443 747 1516; x_wconf 92' lang='lat' dir='ltr'>duo</span> <span class='ocrx_word' id='word_1_70' title='bbox 768 1459 914 1542; x_wconf 87' lang='lat' dir='ltr'>arpenta</span> <span class='ocrx_word' id='word_1_71' title='bbox 934 1459 1039 1516; x_wconf 85' lang='lat' dir='ltr'>terrae</span> <span class='ocrx_word' id='word_1_72' title='bbox 1057 1444 1094 1515; x_wconf 91' lang='lat' dir='ltr'>in</span> <span class='ocrx_word' id='word_1_73' title='bbox 1113 1445 1256 1518; x_wconf 88' lang='lat' dir='ltr'>Monte·</span> 
     </span>
     <span class='ocr_line' id='line_1_11' title="bbox 192 1560 1257 1660; baseline 0.001 -27"><span class='ocrx_word' id='word_1_74' title='bbox 192 1560 361 1634; x_wconf 87' lang='lat' dir='ltr'>Tedherti</span> <span class='ocrx_word' id='word_1_75' title='bbox 378 1564 431 1660; x_wconf 83' lang='lat'>(1)</span> <span class='ocrx_word' id='word_1_76' title='bbox 447 1562 631 1638; x_wconf 87' lang='lat' dir='ltr'>monacbis</span> <span class='ocrx_word' id='word_1_77' title='bbox 644 1563 785 1634; x_wconf 93' lang='lat' dir='ltr'>annuit.</span> <span class='ocrx_word' id='word_1_78' title='bbox 803 1564 969 1660; x_wconf 88' lang='lat' dir='ltr'>Denique</span> <span class='ocrx_word' id='word_1_79' title='bbox 984 1563 1130 1634; x_wconf 79' lang='lat' dir='ltr'>tertium</span> <span class='ocrx_word' id='word_1_80' title='bbox 1146 1563 1182 1633; x_wconf 94' lang='lat' dir='ltr'>in</span> <span class='ocrx_word' id='word_1_81' title='bbox 1198 1587 1257 1634; x_wconf 91' lang='lat' dir='ltr'>eo·</span> 
     </span>
     <span class='ocr_line' id='line_1_12' title="bbox 190 1676 1257 1776; baseline -0.001 -27"><span class='ocrx_word' id='word_1_82' title='bbox 190 1677 271 1751; x_wconf 90' lang='lat' dir='ltr'>dem</span> <span class='ocrx_word' id='word_1_83' title='bbox 289 1679 370 1753; x_wconf 93' lang='lat' dir='ltr'>loco</span> <span class='ocrx_word' id='word_1_84' title='bbox 384 1680 426 1750; x_wconf 88' lang='lat' dir='ltr'>ad</span> <span class='ocrx_word' id='word_1_85' title='bbox 440 1677 583 1751; x_wconf 89' lang='lat' dir='ltr'>obitum</span> <span class='ocrx_word' id='word_1_86' title='bbox 596 1679 679 1751; x_wconf 85' lang='lat' dir='ltr'>liliae</span> <span class='ocrx_word' id='word_1_87' title='bbox 691 1704 766 1750; x_wconf 84' lang='lat' dir='ltr'>suae</span> <span class='ocrx_word' id='word_1_88' title='bbox 778 1676 917 1776; x_wconf 88' lang='lat' dir='ltr'>adjecit.</span> <span class='ocrx_word' id='word_1_89' title='bbox 932 1679 999 1748; x_wconf 89' lang='lat' dir='ltr'>Hic</span> <span class='ocrx_word' id='word_1_90' title='bbox 1014 1679 1050 1749; x_wconf 92' lang='lat' dir='ltr'>in</span> <span class='ocrx_word' id='word_1_91' title='bbox 1062 1677 1257 1750; x_wconf 82' lang='lat' dir='ltr'>Jerusalem</span> 
     </span>
     <span class='ocr_line' id='line_1_13' title="bbox 191 1793 1257 1895; baseline 0.004 -31"><span class='ocrx_word' id='word_1_92' title='bbox 191 1820 272 1865; x_wconf 90' lang='lat' dir='ltr'>cum</span> <span class='ocrx_word' id='word_1_93' title='bbox 300 1793 482 1895; x_wconf 87' lang='lat' dir='ltr'>Stephano</span> <span class='ocrx_word' id='word_1_94' title='bbox 512 1795 665 1868; x_wconf 91' lang='lat' dir='ltr'>Blesensi</span> <span class='ocrx_word' id='word_1_95' title='bbox 694 1796 827 1867; x_wconf 83' lang='lat' dir='ltr'>comite</span> <span class='ocrx_word' id='word_1_96' title='bbox 852 1796 1034 1891; x_wconf 84' lang='lat' dir='ltr'>perrexit,</span> <span class='ocrx_word' id='word_1_97' title='bbox 1063 1795 1102 1866; x_wconf 92' lang='lat' dir='ltr'>in</span> <span class='ocrx_word' id='word_1_98' title='bbox 1129 1794 1257 1868; x_wconf 84' lang='lat' dir='ltr'>itinere</span> 
     </span>
     <span class='ocr_line' id='line_1_14' title="bbox 192 1910 1257 2012; baseline 0.003 -31"><span class='ocrx_word' id='word_1_99' title='bbox 192 1910 256 1984; x_wconf 91' lang='lat' dir='ltr'>illo</span> <span class='ocrx_word' id='word_1_100' title='bbox 280 1912 391 1983; x_wconf 87' lang='lat' dir='ltr'>multa</span> <span class='ocrx_word' id='word_1_101' title='bbox 416 1914 533 2012; x_wconf 84' lang='lat' dir='ltr'>gravia</span> <span class='ocrx_word' id='word_1_102' title='bbox 558 1912 730 2010; x_wconf 86' lang='lat' dir='ltr'>pertulit,</span> <span class='ocrx_word' id='word_1_103' title='bbox 754 1929 791 1984; x_wconf 91' lang='lat' dir='ltr'>et</span> <span class='ocrx_word' id='word_1_104' title='bbox 816 1912 897 1984; x_wconf 90' lang='lat' dir='ltr'>inde</span> <span class='ocrx_word' id='word_1_105' title='bbox 919 1937 1080 1986; x_wconf 88' lang='lat' dir='ltr'>reversus</span> <span class='ocrx_word' id='word_1_106' title='bbox 1099 1910 1257 2010; x_wconf 84' lang='lat' dir='ltr'>legitime</span> 
     </span>
     <span class='ocr_line' id='line_1_15' title="bbox 191 2029 365 2126; baseline 0 -28"><span class='ocrx_word' id='word_1_107' title='bbox 191 2029 316 2126; x_wconf 83' lang='lat' dir='ltr'>vixit(</span> <span class='ocrx_word' id='word_1_108' title='bbox 342 2034 365 2122; x_wconf 84' lang='grc'>).</span> 
     </span>
    </p>

    <p class='ocr_par' dir='ltr' id='par_1_4' title="bbox 192 2143 1260 3269">
     <span class='ocr_line' id='line_1_16' title="bbox 241 2143 1256 2245; baseline -0.002 -28"><span class='ocrx_word' id='word_1_109' title='bbox 241 2143 418 2219; x_wconf 87' lang='lat' dir='ltr'>Geroldus</span> <span class='ocrx_word' id='word_1_110' title='bbox 444 2170 610 2245; x_wconf 89' lang='lat' dir='ltr'>quoque,</span> <span class='ocrx_word' id='word_1_111' title='bbox 639 2145 854 2244; x_wconf 83' lang='lat' dir='ltr'>cognomine</span> <span class='ocrx_word' id='word_1_112' title='bbox 883 2145 1066 2234; x_wconf 84' lang='lat' dir='ltr'>Gestatus,</span> <span class='ocrx_word' id='word_1_113' title='bbox 1092 2144 1256 2245; x_wconf 64' lang='lat' dir='ltr'>praedicti</span> 
     </span>
     <span class='ocr_line' id='line_1_17' title="bbox 192 2260 1259 2364; baseline 0 -29"><span class='ocrx_word' id='word_1_114' title='bbox 192 2262 371 2336; x_wconf 81' lang='lat' dir='ltr'>Grimoldi</span> <span class='ocrx_word' id='word_1_115' title='bbox 389 2264 569 2351; x_wconf 83' lang='lat' dir='ltr'>sororius,</span> <span class='ocrx_word' id='word_1_116' title='bbox 588 2262 792 2336; x_wconf 79' lang='lat' dir='ltr'>infirmatus</span> <span class='ocrx_word' id='word_1_117' title='bbox 808 2279 880 2351; x_wconf 88' lang='lat' dir='ltr'>est,</span> <span class='ocrx_word' id='word_1_118' title='bbox 898 2263 1094 2364; x_wconf 90' lang='lat' dir='ltr'>divinoque</span> <span class='ocrx_word' id='word_1_119' title='bbox 1109 2260 1259 2336; x_wconf 85' lang='lat' dir='ltr'>verbere</span> 
     </span>
     <span class='ocr_line' id='line_1_18' title="bbox 195 2379 1259 2482; baseline -0.004 -27"><span class='ocrx_word' id='word_1_120' title='bbox 195 2383 354 2470; x_wconf 83' lang='lat' dir='ltr'>territus,</span> <span class='ocrx_word' id='word_1_121' title='bbox 371 2379 561 2482; x_wconf 89' lang='lat' dir='ltr'>quamdam</span> <span class='ocrx_word' id='word_1_122' title='bbox 578 2381 773 2468; x_wconf 89' lang='lat' dir='ltr'>decimam,</span> <span class='ocrx_word' id='word_1_123' title='bbox 792 2408 900 2481; x_wconf 87' lang='lat' dir='ltr'>quam</span> <span class='ocrx_word' id='word_1_124' title='bbox 919 2383 955 2453; x_wconf 94' lang='lat' dir='ltr'>in</span> <span class='ocrx_word' id='word_1_125' title='bbox 976 2381 1162 2454; x_wconf 78' lang='lat' dir='ltr'>territorio</span> <span class='ocrx_word' id='word_1_126' title='bbox 1179 2381 1259 2451; x_wconf 68' lang='grc' dir='ltr'>Με-</span> 
     </span>
     <span class='ocr_line' id='line_1_19' title="bbox 193 2497 1260 2598; baseline 0.002 -28"><span class='ocrx_word' id='word_1_127' title='bbox 193 2500 276 2573; x_wconf 85' lang='lat' dir='ltr'>rolii</span> <span class='ocrx_word' id='word_1_128' title='bbox 294 2497 517 2598; x_wconf 86' lang='lat' dir='ltr'>possidebat,</span> <span class='ocrx_word' id='word_1_129' title='bbox 541 2515 751 2598; x_wconf 84' lang='lat' dir='ltr'>partemque</span> <span class='ocrx_word' id='word_1_130' title='bbox 770 2526 870 2571; x_wconf 83' lang='lat' dir='ltr'>suam</span> <span class='ocrx_word' id='word_1_131' title='bbox 889 2500 971 2571; x_wconf 89' lang='lat' dir='ltr'>atrii</span> <span class='ocrx_word' id='word_1_132' title='bbox 988 2498 1145 2596; x_wconf 85' lang='lat' dir='ltr'>ejusdem</span> <span class='ocrx_word' id='word_1_133' title='bbox 1164 2498 1260 2572; x_wconf 86' lang='lat' dir='ltr'>villae</span> 
     </span>
     <span class='ocr_line' id='line_1_20' title="bbox 193 2613 1260 2716; baseline 0 -28"><span class='ocrx_word' id='word_1_134' title='bbox 193 2616 378 2691; x_wconf 86' lang='lat' dir='ltr'>monachis</span> <span class='ocrx_word' id='word_1_135' title='bbox 394 2616 512 2704; x_wconf 88' lang='lat' dir='ltr'>dedit,</span> <span class='ocrx_word' id='word_1_136' title='bbox 533 2631 715 2690; x_wconf 90' lang='lat' dir='ltr'>annuente</span> <span class='ocrx_word' id='word_1_137' title='bbox 734 2619 885 2716; x_wconf 87' lang='lat' dir='ltr'>conjuge</span> <span class='ocrx_word' id='word_1_138' title='bbox 902 2643 982 2704; x_wconf 92' lang='lat' dir='ltr'>sua,</span> <span class='ocrx_word' id='word_1_139' title='bbox 1004 2617 1041 2688; x_wconf 90' lang='lat' dir='ltr'>in</span> <span class='ocrx_word' id='word_1_140' title='bbox 1060 2620 1160 2715; x_wconf 85' lang='lat' dir='ltr'>cujus</span> <span class='ocrx_word' id='word_1_141' title='bbox 1175 2613 1260 2688; x_wconf 89' lang='lat' dir='ltr'>dote</span> 
     </span>
     <span class='ocr_line' id='line_1_21' title="bbox 194 2732 1260 2832; baseline 0 -27"><span class='ocrx_word' id='word_1_142' title='bbox 194 2750 287 2821; x_wconf 87' lang='lat' dir='ltr'>emt,·</span> <span class='ocrx_word' id='word_1_143' title='bbox 308 2735 415 2806; x_wconf 79' lang='lat' dir='ltr'>Petro</span> <span class='ocrx_word' id='word_1_144' title='bbox 439 2758 584 2832; x_wconf 89' lang='lat' dir='ltr'>quoque</span> <span class='ocrx_word' id='word_1_145' title='bbox 606 2732 756 2805; x_wconf 91' lang='lat' dir='ltr'>domino</span> <span class='ocrx_word' id='word_1_146' title='bbox 783 2733 930 2804; x_wconf 84' lang='lat' dir='ltr'>Manliae</span> <span class='ocrx_word' id='word_1_147' title='bbox 954 2732 1098 2805; x_wconf 84' lang='lat' dir='ltr'>volente</span> <span class='ocrx_word' id='word_1_148' title='bbox 1117 2748 1153 2805; x_wconf 91' lang='lat' dir='ltr'>et</span> <span class='ocrx_word' id='word_1_149' title='bbox 1175 2758 1260 2805; x_wconf 92' lang='lat' dir='ltr'>con·</span> 
     </span>
     <span class='ocr_line' id='line_1_22' title="bbox 195 2847 1260 2946; baseline 0.003 -27"><span class='ocrx_word' id='word_1_150' title='bbox 195 2849 361 2934; x_wconf 89' lang='lat' dir='ltr'>cedente,</span> <span class='ocrx_word' id='word_1_151' title='bbox 377 2849 421 2921; x_wconf 92' lang='lat' dir='ltr'>de</span> <span class='ocrx_word' id='word_1_152' title='bbox 442 2854 540 2946; x_wconf 82' lang='lat' dir='ltr'>cujus</span> <span class='ocrx_word' id='word_1_153' title='bbox 553 2847 661 2924; x_wconf 85' lang='lat' dir='ltr'>leudo</span> <span class='ocrx_word' id='word_1_154' title='bbox 674 2866 760 2923; x_wconf 86' lang='lat' dir='ltr'>emt.</span> <span class='ocrx_word' id='word_1_155' title='bbox 782 2847 970 2921; x_wconf 85' lang='lat' dir='ltr'>Albericus</span> <span class='ocrx_word' id='word_1_156' title='bbox 990 2864 1111 2922; x_wconf 89' lang='lat' dir='ltr'>autem</span> <span class='ocrx_word' id='word_1_157' title='bbox 1129 2847 1173 2922; x_wconf 89' lang='lat' dir='ltr'>de</span> <span class='ocrx_word' id='word_1_158' title='bbox 1186 2849 1260 2922; x_wconf 89' lang='lat' dir='ltr'>Ma·</span> 
     </span>
     <span class='ocr_line' id='line_1_23' title="bbox 195 2963 1258 3064; baseline 0.002 -30"><span class='ocrx_word' id='word_1_159' title='bbox 195 2963 289 3037; x_wconf 87' lang='lat' dir='ltr'>rolio</span> <span class='ocrx_word' id='word_1_160' title='bbox 312 2989 364 3035; x_wconf 88' lang='lat' dir='ltr'>xn</span> <span class='ocrx_word' id='word_1_161' title='bbox 382 2967 505 3062; x_wconf 78' lang='lat' dir='ltr'>jugera</span> <span class='ocrx_word' id='word_1_162' title='bbox 526 2979 652 3052; x_wconf 85' lang='lat' dir='ltr'>terrae,</span> <span class='ocrx_word' id='word_1_163' title='bbox 668 2990 751 3064; x_wconf 87' lang='lat' dir='ltr'>quae</span> <span class='ocrx_word' id='word_1_164' title='bbox 773 2966 810 3035; x_wconf 90' lang='lat' dir='ltr'>in</span> <span class='ocrx_word' id='word_1_165' title='bbox 837 2963 1029 3062; x_wconf 82' lang='lat' dir='ltr'>supercilio</span> <span class='ocrx_word' id='word_1_166' title='bbox 1043 2966 1197 3050; x_wconf 88' lang='lat' dir='ltr'>montis,</span> <span class='ocrx_word' id='word_1_167' title='bbox 1220 2965 1258 3036; x_wconf 91' lang='lat' dir='ltr'>in</span> 
     </span>
     <span class='ocr_line' id='line_1_24' title="bbox 197 3079 1260 3167; baseline -0.001 -15"><span class='ocrx_word' id='word_1_168' title='bbox 197 3081 382 3155; x_wconf 83' lang='lat' dir='ltr'>territorio</span> <span class='ocrx_word' id='word_1_169' title='bbox 405 3079 545 3153; x_wconf 87' lang='lat' dir='ltr'>Marolii</span> <span class='ocrx_word' id='word_1_170' title='bbox 569 3080 611 3150; x_wconf 91' lang='lat' dir='ltr'>ad</span> <span class='ocrx_word' id='word_1_171' title='bbox 630 3079 875 3167; x_wconf 85' lang='lat' dir='ltr'>occidentem,</span> <span class='ocrx_word' id='word_1_172' title='bbox 901 3082 966 3152; x_wconf 86' lang='lat' dir='ltr'>sita</span> <span class='ocrx_word' id='word_1_173' title='bbox 984 3097 1055 3165; x_wconf 88' lang='lat' dir='ltr'>est,</span> <span class='ocrx_word' id='word_1_174' title='bbox 1074 3079 1260 3152; x_wconf 87' lang='lat' dir='ltr'>monachis</span> 
     </span>
     <span class='ocr_line' id='line_1_25' title="bbox 196 3195 305 3269; baseline -0.018 -2"><span class='ocrx_word' id='word_1_175' title='bbox 196 3195 305 3269; x_wconf 82' lang='lat' dir='ltr'>dedit.</span> 
     </span>
    </p>

    <p class='ocr_par' dir='ltr' id='par_1_5' title="bbox 197 3311 1263 3877">
     <span class='ocr_line' id='line_1_26' title="bbox 245 3311 1261 3412; baseline -0.001 -27"><span class='ocrx_word' id='word_1_176' title='bbox 245 3313 323 3386; x_wconf 88' lang='lat' dir='ltr'>Odo</span> <span class='ocrx_word' id='word_1_177' title='bbox 346 3313 440 3385; x_wconf 85' lang='lat' dir='ltr'>filius</span> <span class='ocrx_word' id='word_1_178' title='bbox 457 3311 645 3397; x_wconf 86' lang='lat' dir='ltr'>Gualonis,</span> <span class='ocrx_word' id='word_1_179' title='bbox 665 3340 772 3412; x_wconf 88' lang='lat' dir='ltr'>eques</span> <span class='ocrx_word' id='word_1_180' title='bbox 795 3311 1033 3400; x_wconf 86' lang='lat' dir='ltr'>honorabilis,</span> <span class='ocrx_word' id='word_1_181' title='bbox 1054 3311 1098 3382; x_wconf 93' lang='lat' dir='ltr'>ad</span> <span class='ocrx_word' id='word_1_182' title='bbox 1119 3311 1261 3385; x_wconf 89' lang='lat' dir='ltr'>obitum</span> 
     </span>
     <span class='ocr_line' id='line_1_27' title="bbox 197 3427 1260 3528; baseline -0.001 -27"><span class='ocrx_word' id='word_1_183' title='bbox 197 3428 338 3502; x_wconf 74' lang='lat' dir='ltr'>arnulfi</span> <span class='ocrx_word' id='word_1_184' title='bbox 361 3429 425 3500; x_wconf 87' lang='lat' dir='ltr'>lilii</span> <span class='ocrx_word' id='word_1_185' title='bbox 444 3431 496 3499; x_wconf 89' lang='lat' dir='ltr'>sui</span> <span class='ocrx_word' id='word_1_186' title='bbox 517 3429 615 3502; x_wconf 90' lang='lat' dir='ltr'>dedit</span> <span class='ocrx_word' id='word_1_187' title='bbox 632 3427 816 3502; x_wconf 91' lang='lat' dir='ltr'>monachis</span> <span class='ocrx_word' id='word_1_188' title='bbox 835 3429 879 3502; x_wconf 92' lang='lat' dir='ltr'>de</span> <span class='ocrx_word' id='word_1_189' title='bbox 895 3429 1028 3501; x_wconf 89' lang='lat' dir='ltr'>Manlia</span> <span class='ocrx_word' id='word_1_190' title='bbox 1053 3428 1121 3500; x_wconf 87' lang='lat' dir='ltr'>tria</span> <span class='ocrx_word' id='word_1_191' title='bbox 1134 3432 1260 3528; x_wconf 88' lang='lat' dir='ltr'>jugem</span> 
     </span>
     <span class='ocr_line' id='line_1_28' title="bbox 198 3544 1258 3645; baseline -0.001 -28"><span class='ocrx_word' id='word_1_192' title='bbox 198 3563 322 3633; x_wconf 82' lang='lat' dir='ltr'>terrae,</span> <span class='ocrx_word' id='word_1_193' title='bbox 337 3572 417 3645; x_wconf 89' lang='lat' dir='ltr'>quae</span> <span class='ocrx_word' id='word_1_194' title='bbox 436 3561 522 3617; x_wconf 89' lang='lat' dir='ltr'>tunc</span> <span class='ocrx_word' id='word_1_195' title='bbox 542 3547 712 3643; x_wconf 88' lang='lat' dir='ltr'>temporis</span> <span class='ocrx_word' id='word_1_196' title='bbox 730 3544 841 3618; x_wconf 86' lang='lat' dir='ltr'>Fulco</span> <span class='ocrx_word' id='word_1_197' title='bbox 859 3545 1048 3645; x_wconf 76' lang='lat' dir='ltr'>presbyter</span> <span class='ocrx_word' id='word_1_198' title='bbox 1062 3544 1258 3619; x_wconf 85' lang='lat' dir='ltr'>excolebat.</span> 
     </span>
     <span class='ocr_line' id='line_1_29' title="bbox 197 3660 1263 3762; baseline 0.002 -30"><span class='ocrx_word' id='word_1_199' title='bbox 197 3664 294 3736; x_wconf 85' lang='lat' dir='ltr'>Duos</span> <span class='ocrx_word' id='word_1_200' title='bbox 312 3688 456 3761; x_wconf 87' lang='lat' dir='ltr'>quoque</span> <span class='ocrx_word' id='word_1_201' title='bbox 474 3663 550 3733; x_wconf 90' lang='lat' dir='ltr'>vini</span> <span class='ocrx_word' id='word_1_202' title='bbox 568 3660 707 3735; x_wconf 89' lang='lat' dir='ltr'>modios</span> <span class='ocrx_word' id='word_1_203' title='bbox 726 3661 891 3734; x_wconf 83' lang='lat' dir='ltr'>similiter</span> <span class='ocrx_word' id='word_1_204' title='bbox 907 3662 1025 3748; x_wconf 88' lang='lat' dir='ltr'>dedit,</span> <span class='ocrx_word' id='word_1_205' title='bbox 1049 3663 1196 3762; x_wconf 83' lang='lat' dir='ltr'>darique</span> <span class='ocrx_word' id='word_1_206' title='bbox 1217 3661 1263 3734; x_wconf 92' lang='lat' dir='ltr'>de</span> 
     </span>
     <span class='ocr_line' id='line_1_30' title="bbox 197 3779 1262 3877; baseline -0.002 -25"><span class='ocrx_word' id='word_1_207' title='bbox 197 3782 309 3853; x_wconf 85' lang='lat' dir='ltr'>vineis</span> <span class='ocrx_word' id='word_1_208' title='bbox 325 3782 414 3864; x_wconf 86' lang='lat' dir='ltr'>suis,</span> <span class='ocrx_word' id='word_1_209' title='bbox 437 3807 499 3877; x_wconf 82' lang='lat' dir='ltr'>per</span> <span class='ocrx_word' id='word_1_210' title='bbox 515 3779 672 3877; x_wconf 88' lang='lat' dir='ltr'>singulos</span> <span class='ocrx_word' id='word_1_211' title='bbox 689 3805 803 3852; x_wconf 88' lang='lat' dir='ltr'>annos</span> <span class='ocrx_word' id='word_1_212' title='bbox 819 3780 1009 3853; x_wconf 89' lang='lat' dir='ltr'>constituit</span> <span class='ocrx_word' id='word_1_213' title='bbox 1019 3809 1028 3865; x_wconf 92' lang='lat'>;</span> <span class='ocrx_word' id='word_1_214' title='bbox 1054 3780 1100 3850; x_wconf 87' lang='lat' dir='ltr'>ita</span> <span class='ocrx_word' id='word_1_215' title='bbox 1118 3795 1160 3849; x_wconf 87' lang='lat' dir='ltr'>ut</span> <span class='ocrx_word' id='word_1_216' title='bbox 1177 3779 1262 3850; x_wconf 86' lang='lat' dir='ltr'>nul-</span> 
     </span>
    </p>
   </div>
   <div class='ocr_carea' id='block_1_3' title="bbox 416 3972 538 3979">
    <p class='ocr_par' dir='ltr' id='par_1_6' title="bbox 416 3972 538 3979">
     <span class='ocr_line' id='line_1_31' title="bbox 416 3972 538 3979; baseline 0 -1"><span class='ocrx_word' id='word_1_217' title='bbox 416 3972 538 3979; x_wconf 52' lang='grc' dir='ltr'><strong><em>Μ</em></strong></span> 
     </span>
    </p>
   </div>
   <div class='ocr_carea' id='block_1_4' title="bbox 235 4072 1247 4236">
    <p class='ocr_par' dir='ltr' id='par_1_7' title="bbox 235 4072 1247 4236">
     <span class='ocr_line' id='line_1_32' title="bbox 235 4072 1247 4144; baseline -0.001 -14"><span class='ocrx_word' id='word_1_218' title='bbox 235 4084 273 4144; x_wconf 80' lang='lat'>(1)</span> <span class='ocrx_word' id='word_1_219' title='bbox 292 4076 434 4129; x_wconf 66' lang='lat' dir='ltr'>Pena-ene</span> <span class='ocrx_word' id='word_1_220' title='bbox 447 4074 623 4144; x_wconf 83' lang='lat' dir='ltr'>aujourd&#39;hui</span> <span class='ocrx_word' id='word_1_221' title='bbox 639 4075 826 4143; x_wconf 81' lang='lat' dir='ltr'>lllontjuhect,</span> <span class='ocrx_word' id='word_1_222' title='bbox 841 4093 889 4128; x_wconf 81' lang='lat' dir='ltr'>sui·</span> <span class='ocrx_word' id='word_1_223' title='bbox 902 4072 924 4127; x_wconf 92' lang='lat' dir='ltr'>la</span> <span class='ocrx_word' id='word_1_224' title='bbox 939 4092 1084 4128; x_wconf 87' lang='lat' dir='ltr'>commune</span> <span class='ocrx_word' id='word_1_225' title='bbox 1096 4074 1247 4129; x_wconf 79' lang='lat' dir='ltr'>d&#39;Auluai?</span> 
     </span>
     <span class='ocr_line' id='line_1_33' title="bbox 235 4161 743 4236; baseline 0 -20"><span class='ocrx_word' id='word_1_226' title='bbox 235 4171 274 4233; x_wconf 50' lang='lat' dir='ltr'>(a)</span> <span class='ocrx_word' id='word_1_227' title='bbox 294 4166 387 4234; x_wconf 68' lang='lat' dir='ltr'>Vocet.</span> <span class='ocrx_word' id='word_1_228' title='bbox 400 4161 548 4231; x_wconf 84' lang='lat' dir='ltr'>ei-‹lcssus,</span> <span class='ocrx_word' id='word_1_229' title='bbox 564 4173 628 4217; x_wconf 86' lang='lat' dir='ltr'>note</span> <span class='ocrx_word' id='word_1_230' title='bbox 640 4182 668 4234; x_wconf 87' lang='lat' dir='ltr'>p.</span> <span class='ocrx_word' id='word_1_231' title='bbox 683 4161 743 4236; x_wconf 79' lang='lat'>395.</span> 
     </span>
    </p>
   </div>
   <div class='ocr_carea' id='block_1_5' title="bbox 0 0 1472 4980">
    <p class='ocr_par' dir='ltr' id='par_1_8' title="bbox 0 0 1472 4980">
     <span class='ocr_line' id='line_1_34' title="bbox 0 0 1472 4980; baseline 0 0"><span class='ocrx_word' id='word_1_232' title='bbox 0 0 1472 4980; x_wconf 95' lang='lat' dir='ltr'> </span> 
     </span>
    </p>
   </div>
  </div>
 </body>
</html>
