<?xml version="1.0" encoding="UTF-8"?>
<!DOCTYPE html PUBLIC "-//W3C//DTD XHTML 1.0 Transitional//EN"
    "http://www.w3.org/TR/xhtml1/DTD/xhtml1-transitional.dtd">
<html xmlns="http://www.w3.org/1999/xhtml" xml:lang="en" lang="en">
 <head>
  <title>
</title>
<meta http-equiv="Content-Type" content="text/html;charset=utf-8" />
  <meta name='ocr-system' content='tesseract 3.04.00' />
  <meta name='ocr-capabilities' content='ocr_page ocr_carea ocr_par ocr_line ocrx_word'/>
</head>
<body>
  <div class='ocr_page' id='page_1' title='image "./ordericivitalis01deligoog/ordericivitalis01deligoog_0473.png"; bbox 0 0 2910 4980; ppageno 0'>
   <div class='ocr_carea' id='block_1_1' title="bbox 285 436 1353 515">
    <p class='ocr_par' dir='ltr' id='par_1_1' title="bbox 285 436 1353 515">
     <span class='ocr_line' id='line_1_1' title="bbox 285 436 1353 515; baseline -0.003 -15"><span class='ocrx_word' id='word_1_1' title='bbox 285 437 345 501; x_wconf 78' lang='grc'><em>460</em></span> <span class='ocrx_word' id='word_1_2' title='bbox 559 436 740 497; x_wconf 76' lang='lat' dir='ltr'><strong>HISTORIA</strong></span> <span class='ocrx_word' id='word_1_3' title='bbox 763 436 1067 497; x_wconf 77' lang='lat' dir='ltr'>ECCLESIASTICA.</span> <span class='ocrx_word' id='word_1_4' title='bbox 1245 438 1353 515; x_wconf 86' lang='grc'>[1118]</span> 
     </span>
    </p>
   </div>
   <div class='ocr_carea' id='block_1_2' title="bbox 277 557 1446 4044">
    <p class='ocr_par' dir='ltr' id='par_1_2' title="bbox 277 557 1359 1824">
     <span class='ocr_line' id='line_1_2' title="bbox 286 557 1351 657; baseline -0.001 -25"><span class='ocrx_word' id='word_1_5' title='bbox 286 560 416 632; x_wconf 87' lang='lat' dir='ltr'><em>mandi</em></span> <span class='ocrx_word' id='word_1_6' title='bbox 426 557 733 630; x_wconf 77' lang='lat' dir='ltr'><em>blandimentaA</em></span> <span class='ocrx_word' id='word_1_7' title='bbox 739 557 927 657; x_wconf 85' lang='lat' dir='ltr'><em>conjugali</em></span> <span class='ocrx_word' id='word_1_8' title='bbox 937 583 1128 657; x_wconf 77' lang='lat' dir='ltr'><em>ergoncca</em></span> <span class='ocrx_word' id='word_1_9' title='bbox 1136 582 1203 644; x_wconf 86' lang='lat' dir='ltr'><em>me,</em></span> <span class='ocrx_word' id='word_1_10' title='bbox 1213 583 1351 656; x_wconf 78' lang='lat' dir='ltr'><em>quasa,</em></span> 
     </span>
     <span class='ocr_line' id='line_1_3' title="bbox 288 672 1355 772; baseline -0.003 -25"><span class='ocrx_word' id='word_1_11' title='bbox 288 674 442 761; x_wconf 83' lang='lat' dir='ltr'><em>absolve,</em></span> <span class='ocrx_word' id='word_1_12' title='bbox 462 673 630 761; x_wconf 84' lang='lat' dir='ltr'><em>domina,</em></span> <span class='ocrx_word' id='word_1_13' title='bbox 651 673 946 772; x_wconf 74' lang='lat' dir='ltr'><em>meqnefidetiter</em></span> <span class='ocrx_word' id='word_1_14' title='bbox 959 672 1040 744; x_wconf 88' lang='lat' dir='ltr'><em>Deo</em></span> <span class='ocrx_word' id='word_1_15' title='bbox 1057 672 1294 760; x_wconf 83' lang='lat' dir='ltr'><em>commenda,</em></span> <span class='ocrx_word' id='word_1_16' title='bbox 1315 690 1355 744; x_wconf 86' lang='lat' dir='ltr'><em>ut</em></span> 
     </span>
     <span class='ocr_line' id='line_1_4' title="bbox 287 788 1355 890; baseline -0.003 -27"><span class='ocrx_word' id='word_1_17' title='bbox 287 791 335 865; x_wconf 86' lang='lat' dir='ltr'><em>ab</em></span> <span class='ocrx_word' id='word_1_18' title='bbox 352 796 449 864; x_wconf 89' lang='lat' dir='ltr'><em>omni</em></span> <span class='ocrx_word' id='word_1_19' title='bbox 469 789 658 890; x_wconf 73' lang='lat' dir='ltr'><em>expeditus</em></span> <span class='ocrx_word' id='word_1_20' title='bbox 674 791 857 862; x_wconf 77' lang='lat' dir='ltr'><em>mundiali</em></span> <span class='ocrx_word' id='word_1_21' title='bbox 875 792 1042 877; x_wconf 80' lang='lat' dir='ltr'><strong><em>sarcina,</em></strong></span> <span class='ocrx_word' id='word_1_22' title='bbox 1064 788 1265 863; x_wconf 72' lang='lat' dir='ltr'><em>monachili</em></span> <span class='ocrx_word' id='word_1_23' title='bbox 1286 815 1355 860; x_wconf 82' lang='lat' dir='ltr'><em>mo-</em></span> 
     </span>
     <span class='ocr_line' id='line_1_5' title="bbox 288 905 1354 1006; baseline -0.001 -28"><span class='ocrx_word' id='word_1_24' title='bbox 288 936 371 981; x_wconf 87' lang='lat' dir='ltr'><em>rcar</em></span> <span class='ocrx_word' id='word_1_25' title='bbox 386 909 576 1006; x_wconf 84' lang='lat' dir='ltr'><em>designari</em></span> <span class='ocrx_word' id='word_1_26' title='bbox 587 907 712 979; x_wconf 85' lang='lat' dir='ltr'><em>lmbitu</em></span> <span class='ocrx_word' id='word_1_27' title='bbox 724 925 757 978; x_wconf 87' lang='lat' dir='ltr'><em>et</em></span> <span class='ocrx_word' id='word_1_28' title='bbox 773 925 934 980; x_wconf 81' lang='lat' dir='ltr'><em>tonsura.</em></span> <span class='ocrx_word' id='word_1_29' title='bbox 951 908 1037 980; x_wconf 89' lang='lat' dir='ltr'><em>Hoc</em></span> <span class='ocrx_word' id='word_1_30' title='bbox 1047 934 1095 979; x_wconf 80' lang='lat' dir='ltr'><em>ca·</em></span> <span class='ocrx_word' id='word_1_31' title='bbox 1108 909 1234 979; x_wconf 89' lang='lat' dir='ltr'><em>intimo</em></span> <span class='ocrx_word' id='word_1_32' title='bbox 1246 905 1354 979; x_wconf 78' lang='lat' dir='ltr'><em>conle</em></span> 
     </span>
     <span class='ocr_line' id='line_1_6' title="bbox 287 1024 1354 1125; baseline -0.004 -27"><span class='ocrx_word' id='word_1_33' title='bbox 287 1026 447 1125; x_wconf 80' lang='lat' dir='ltr'><em>deposco</em></span> <span class='ocrx_word' id='word_1_34' title='bbox 454 1082 466 1113; x_wconf 97' lang='lat'><em>,</em></span> <span class='ocrx_word' id='word_1_35' title='bbox 492 1024 561 1096; x_wconf 81' lang='lat' dir='ltr'><em>lroc</em></span> <span class='ocrx_word' id='word_1_36' title='bbox 584 1026 677 1096; x_wconf 86' lang='lat' dir='ltr'><em>ootis</em></span> <span class='ocrx_word' id='word_1_37' title='bbox 703 1025 869 1097; x_wconf 87' lang='lat' dir='ltr'><em>omnibus</em></span> <span class='ocrx_word' id='word_1_38' title='bbox 893 1026 1112 1125; x_wconf 84' lang='lat' dir='ltr'><em>concupisco</em></span> <span class='ocrx_word' id='word_1_39' title='bbox 1118 1057 1136 1110; x_wconf 90' lang='lat'><em>;</em></span> <span class='ocrx_word' id='word_1_40' title='bbox 1164 1042 1202 1096; x_wconf 88' lang='lat' dir='ltr'><em>ut</em></span> <span class='ocrx_word' id='word_1_41' title='bbox 1228 1025 1354 1096; x_wconf 91' lang='lat' dir='ltr'><em>anima</em></span> 
     </span>
     <span class='ocr_line' id='line_1_7' title="bbox 288 1139 1355 1242; baseline 0 -30"><span class='ocrx_word' id='word_1_42' title='bbox 288 1167 370 1212; x_wconf 84' lang='lat' dir='ltr'><em>mea</em></span> <span class='ocrx_word' id='word_1_43' title='bbox 388 1143 426 1212; x_wconf 90' lang='lat' dir='ltr'><em>in</em></span> <span class='ocrx_word' id='word_1_44' title='bbox 443 1139 640 1214; x_wconf 78' lang='lat' dir='ltr'><em>monachili</em></span> <span class='ocrx_word' id='word_1_45' title='bbox 654 1142 771 1240; x_wconf 83' lang='lat' dir='ltr'><em>possit</em></span> <span class='ocrx_word' id='word_1_46' title='bbox 786 1143 991 1242; x_wconf 84' lang='lat' dir='ltr'><em>computari</em></span> <span class='ocrx_word' id='word_1_47' title='bbox 1007 1141 1177 1241; x_wconf 79' lang='lat' dir='ltr'><em>collegio,</em></span> <span class='ocrx_word' id='word_1_48' title='bbox 1198 1157 1355 1241; x_wconf 83' lang='lat' dir='ltr'><em>sumpto</em></span> 
     </span>
     <span class='ocr_line' id='line_1_8' title="bbox 289 1258 1356 1359; baseline 0 -28"><span class='ocrx_word' id='word_1_49' title='bbox 289 1285 356 1358; x_wconf 86' lang='lat' dir='ltr'><em>qne</em></span> <span class='ocrx_word' id='word_1_50' title='bbox 367 1260 551 1355; x_wconf 73' lang='lat' dir='ltr'><em>religionis</em></span> <span class='ocrx_word' id='word_1_51' title='bbox 560 1258 742 1331; x_wconf 83' lang='lat' dir='ltr'><em>scltematc</em></span> <span class='ocrx_word' id='word_1_52' title='bbox 752 1277 940 1348; x_wconf 78' lang='lat' dir='ltr'><em>renovata,</em></span> <span class='ocrx_word' id='word_1_53' title='bbox 950 1262 989 1332; x_wconf 89' lang='lat' dir='ltr'><em>in</em></span> <span class='ocrx_word' id='word_1_54' title='bbox 999 1261 1172 1358; x_wconf 80' lang='lat' dir='ltr'><em>prasenti</em></span> <span class='ocrx_word' id='word_1_55' title='bbox 1172 1262 1260 1359; x_wconf 87' lang='lat' dir='ltr'><em>jam</em></span> <span class='ocrx_word' id='word_1_56' title='bbox 1271 1286 1356 1331; x_wconf 90' lang='lat' dir='ltr'><em>can·</em></span> 
     </span>
     <span class='ocr_line' id='line_1_9' title="bbox 290 1375 1355 1475; baseline 0.001 -30"><span class='ocrx_word' id='word_1_57' title='bbox 290 1391 367 1447; x_wconf 87' lang='lat' dir='ltr'><em>tare</em></span> <span class='ocrx_word' id='word_1_58' title='bbox 382 1376 519 1448; x_wconf 84' lang='lat' dir='ltr'><em>soecalo</em></span> <span class='ocrx_word' id='word_1_59' title='bbox 536 1403 545 1445; x_wconf 90' lang='lat'><em>:</em></span> <span class='ocrx_word' id='word_1_60' title='bbox 565 1376 670 1474; x_wconf 86' lang='lat' dir='ltr'><em>Nigra</em></span> <span class='ocrx_word' id='word_1_61' title='bbox 689 1402 781 1462; x_wconf 90' lang='lat' dir='ltr'><em>sum,</em></span> <span class='ocrx_word' id='word_1_62' title='bbox 800 1376 860 1448; x_wconf 90' lang='lat' dir='ltr'><em>sed</em></span> <span class='ocrx_word' id='word_1_63' title='bbox 875 1375 1034 1447; x_wconf 84' lang='lat' dir='ltr'><em>formosa</em></span> <span class='ocrx_word' id='word_1_64' title='bbox 1048 1375 1119 1472; x_wconf 86' lang='lat'><em>(1).</em></span> <span class='ocrx_word' id='word_1_65' title='bbox 1139 1376 1264 1475; x_wconf 82' lang='lat' dir='ltr'><em>Nigra</em></span> <span class='ocrx_word' id='word_1_66' title='bbox 1277 1403 1355 1448; x_wconf 80' lang='lat' dir='ltr'><em>sunt</em></span> 
     </span>
     <span class='ocr_line' id='line_1_10' title="bbox 283 1491 1359 1592; baseline -0.001 -30"><span class='ocrx_word' id='word_1_67' title='bbox 283 1518 357 1592; x_wconf 76' lang='lat' dir='ltr'><em>per.</em></span> <span class='ocrx_word' id='word_1_68' title='bbox 375 1492 531 1592; x_wconf 79' lang='lat' dir='ltr'><em>ltispidae</em></span> <span class='ocrx_word' id='word_1_69' title='bbox 549 1496 659 1564; x_wconf 83' lang='lat' dir='ltr'><em>uestis</em></span> <span class='ocrx_word' id='word_1_70' title='bbox 677 1492 903 1590; x_wconf 61' lang='lat' dir='ltr'><em>nigredinem</em></span> <span class='ocrx_word' id='word_1_71' title='bbox 925 1507 960 1562; x_wconf 88' lang='lat' dir='ltr'><em>et</em></span> <span class='ocrx_word' id='word_1_72' title='bbox 978 1491 1266 1587; x_wconf 71' lang='lat' dir='ltr'><em>defiirnritatem‚</em></span> <span class='ocrx_word' id='word_1_73' title='bbox 1293 1492 1359 1563; x_wconf 88' lang='lat' dir='ltr'><em>sed</em></span> 
     </span>
     <span class='ocr_line' id='line_1_11' title="bbox 277 1606 1358 1710; baseline -0.001 -30"><span class='ocrx_word' id='word_1_74' title='bbox 277 1606 448 1704; x_wconf 82' lang='lat' dir='ltr'><em>formosa</em></span> <span class='ocrx_word' id='word_1_75' title='bbox 474 1611 691 1709; x_wconf 84' lang='lat' dir='ltr'><em>persancti</em></span> <span class='ocrx_word' id='word_1_76' title='bbox 711 1612 891 1710; x_wconf 74' lang='lat' dir='ltr'><em>propositi</em></span> <span class='ocrx_word' id='word_1_77' title='bbox 917 1608 1173 1694; x_wconf 75' lang='lat' dir='ltr'><em>liantilitatcar,</em></span> <span class='ocrx_word' id='word_1_78' title='bbox 1211 1615 1358 1707; x_wconf 85' lang='lat' dir='ltr'><em>Deoque</em></span> 
     </span>
     <span class='ocr_line' id='line_1_12' title="bbox 285 1725 712 1824; baseline -0.002 -28"><span class='ocrx_word' id='word_1_79' title='bbox 285 1725 464 1824; x_wconf 82' lang='lat' dir='ltr'><em>placitam</em></span> <span class='ocrx_word' id='word_1_80' title='bbox 482 1725 712 1799; x_wconf 78' lang='lat' dir='ltr'><em>(levationem.</em></span> 
     </span>
    </p>

    <p class='ocr_par' dir='ltr' id='par_1_3' title="bbox 292 1841 1446 4044">
     <span class='ocr_line' id='line_1_13' title="bbox 341 1841 1357 1939; baseline -0.002 -27"><span class='ocrx_word' id='word_1_81' title='bbox 341 1841 593 1915; x_wconf 86' lang='lat' dir='ltr'><em>HaecAnsoldo</em></span> <span class='ocrx_word' id='word_1_82' title='bbox 603 1841 744 1916; x_wconf 86' lang='lat' dir='ltr'><em>dicente</em></span> <span class='ocrx_word' id='word_1_83' title='bbox 753 1843 856 1916; x_wconf 86' lang='lat' dir='ltr'><em>ethis</em></span> <span class='ocrx_word' id='word_1_84' title='bbox 865 1842 1113 1933; x_wconf 87' lang='lat' dir='ltr'><em>similia,bona</em></span> <span class='ocrx_word' id='word_1_85' title='bbox 1125 1842 1270 1928; x_wconf 87' lang='lat' dir='ltr'><em>mulier,</em></span> <span class='ocrx_word' id='word_1_86' title='bbox 1282 1844 1357 1939; x_wconf 83' lang='lat' dir='ltr'><em>ejus</em></span> 
     </span>
     <span class='ocr_line' id='line_1_14' title="bbox 292 1956 1357 2061; baseline 0.001 -33"><span class='ocrx_word' id='word_1_87' title='bbox 292 1958 470 2031; x_wconf 63' lang='lat' dir='ltr'><em>voluntati</em></span> <span class='ocrx_word' id='word_1_88' title='bbox 493 1986 679 2061; x_wconf 86' lang='lat' dir='ltr'><em>nunqnam</em></span> <span class='ocrx_word' id='word_1_89' title='bbox 700 1962 861 2034; x_wconf 89' lang='lat' dir='ltr'><em>resistere</em></span> <span class='ocrx_word' id='word_1_90' title='bbox 884 1975 1043 2049; x_wconf 86' lang='lat' dir='ltr'><em>assueta,</em></span> <span class='ocrx_word' id='word_1_91' title='bbox 1067 1959 1190 2031; x_wconf 84' lang='lat' dir='ltr'><em>multis</em></span> <span class='ocrx_word' id='word_1_92' title='bbox 1215 1956 1357 2031; x_wconf 82' lang='lat' dir='ltr'><em>fletibus</em></span> 
     </span>
     <span class='ocr_line' id='line_1_15' title="bbox 292 2072 1359 2175; baseline -0.003 -28"><span class='ocrx_word' id='word_1_93' title='bbox 292 2076 448 2174; x_wconf 84' lang='lat' dir='ltr'><em>perlusa,</em></span> <span class='ocrx_word' id='word_1_94' title='bbox 467 2074 527 2148; x_wconf 88' lang='lat' dir='ltr'><em>sed</em></span> <span class='ocrx_word' id='word_1_95' title='bbox 540 2077 616 2149; x_wconf 89' lang='lat' dir='ltr'><em>sine</em></span> <span class='ocrx_word' id='word_1_96' title='bbox 630 2075 864 2162; x_wconf 87' lang='lat' dir='ltr'><em>clamoribus,</em></span> <span class='ocrx_word' id='word_1_97' title='bbox 880 2078 1058 2150; x_wconf 79' lang='lat' dir='ltr'><strong>reverenti</strong></span> <span class='ocrx_word' id='word_1_98' title='bbox 1074 2078 1196 2175; x_wconf 84' lang='lat' dir='ltr'><em>vigens</em></span> <span class='ocrx_word' id='word_1_99' title='bbox 1215 2072 1359 2148; x_wconf 88' lang='lat' dir='ltr'><em>modes-</em></span> 
     </span>
     <span class='ocr_line' id='line_1_16' title="bbox 295 2190 1356 2291; baseline 0.001 -32"><span class='ocrx_word' id='word_1_100' title='bbox 295 2192 362 2279; x_wconf 86' lang='lat' dir='ltr'><em>tia,</em></span> <span class='ocrx_word' id='word_1_101' title='bbox 379 2191 558 2291; x_wconf 89' lang='lat' dir='ltr'><em>solitoque</em></span> <span class='ocrx_word' id='word_1_102' title='bbox 576 2217 677 2265; x_wconf 89' lang='lat' dir='ltr'><em>more</em></span> <span class='ocrx_word' id='word_1_103' title='bbox 694 2191 863 2266; x_wconf 87' lang='lat' dir='ltr'><em>obediens</em></span> <span class='ocrx_word' id='word_1_104' title='bbox 880 2193 1025 2278; x_wconf 85' lang='lat' dir='ltr'><em>marito,</em></span> <span class='ocrx_word' id='word_1_105' title='bbox 1042 2190 1216 2265; x_wconf 84' lang='lat' dir='ltr'><em>concessit</em></span> <span class='ocrx_word' id='word_1_106' title='bbox 1232 2190 1356 2287; x_wconf 87' lang='lat' dir='ltr'><em>petita.</em></span> 
     </span>
     <span class='ocr_line' id='line_1_17' title="bbox 295 2305 1360 2409; baseline 0.001 -31"><span class='ocrx_word' id='word_1_107' title='bbox 295 2310 400 2379; x_wconf 88' lang='lat' dir='ltr'><em>Tunc</em></span> <span class='ocrx_word' id='word_1_108' title='bbox 421 2327 541 2380; x_wconf 88' lang='lat' dir='ltr'><em>sancta</em></span> <span class='ocrx_word' id='word_1_109' title='bbox 563 2309 719 2381; x_wconf 84' lang='lat' dir='ltr'><em>Ecclesia</em></span> <span class='ocrx_word' id='word_1_110' title='bbox 739 2309 896 2409; x_wconf 83' lang='lat' dir='ltr'><em>vigiliam</em></span> <span class='ocrx_word' id='word_1_111' title='bbox 914 2309 1048 2380; x_wconf 88' lang='lat' dir='ltr'><em>Natalis</em></span> <span class='ocrx_word' id='word_1_112' title='bbox 1066 2307 1212 2381; x_wconf 88' lang='lat' dir='ltr'><em>Domini</em></span> <span class='ocrx_word' id='word_1_113' title='bbox 1235 2305 1360 2379; x_wconf 78' lang='lat' dir='ltr'><em>festive</em></span> 
     </span>
     <span class='ocr_line' id='line_1_18' title="bbox 295 2420 1359 2516; baseline -0.004 -19"><span class='ocrx_word' id='word_1_114' title='bbox 295 2425 517 2516; x_wconf 78' lang='lat' dir='ltr'><em>celebrabat3</em></span> <span class='ocrx_word' id='word_1_115' title='bbox 538 2441 574 2499; x_wconf 89' lang='lat' dir='ltr'><em>et</em></span> <span class='ocrx_word' id='word_1_116' title='bbox 591 2426 779 2500; x_wconf 88' lang='lat' dir='ltr'><em>vehemens</em></span> <span class='ocrx_word' id='word_1_117' title='bbox 796 2443 924 2498; x_wconf 83' lang='lat' dir='ltr'><em>ventus</em></span> <span class='ocrx_word' id='word_1_118' title='bbox 942 2424 1218 2498; x_wconf 77' lang='lat' dir='ltr'><em>intolerabiliter</em></span> <span class='ocrx_word' id='word_1_119' title='bbox 1233 2420 1359 2497; x_wconf 91' lang='lat' dir='ltr'><em>orbem</em></span> 
     </span>
     <span class='ocr_line' id='line_1_19' title="bbox 295 2542 1360 2645; baseline -0.003 -29"><span class='ocrx_word' id='word_1_120' title='bbox 295 2544 536 2632; x_wconf 79' lang='lat' dir='ltr'><em>concutiebat,</em></span> <span class='ocrx_word' id='word_1_121' title='bbox 558 2545 671 2645; x_wconf 83' lang='lat' dir='ltr'>sylvas</span> <span class='ocrx_word' id='word_1_122' title='bbox 690 2564 725 2619; x_wconf 92' lang='lat' dir='ltr'><em>et</em></span> <span class='ocrx_word' id='word_1_123' title='bbox 738 2545 878 2631; x_wconf 84' lang='lat' dir='ltr'><em>domos,</em></span> <span class='ocrx_word' id='word_1_124' title='bbox 899 2544 1037 2644; x_wconf 88' lang='lat' dir='ltr'><em>aliaque</em></span> <span class='ocrx_word' id='word_1_125' title='bbox 1051 2542 1198 2616; x_wconf 82' lang='lat' dir='ltr'><em>aedificia</em></span> <span class='ocrx_word' id='word_1_126' title='bbox 1217 2542 1360 2641; x_wconf 85' lang='lat' dir='ltr'><em>dejicie-</em></span> 
     </span>
     <span class='ocr_line' id='line_1_20' title="bbox 295 2656 1360 2760; baseline -0.004 -29"><span class='ocrx_word' id='word_1_127' title='bbox 295 2660 377 2748; x_wconf 88' lang='lat' dir='ltr'><em>bat,</em></span> <span class='ocrx_word' id='word_1_128' title='bbox 397 2661 591 2760; x_wconf 86' lang='lat' dir='ltr'><em>multisque</em></span> <span class='ocrx_word' id='word_1_129' title='bbox 608 2662 746 2733; x_wconf 87' lang='lat' dir='ltr'><em>damnis</em></span> <span class='ocrx_word' id='word_1_130' title='bbox 765 2663 801 2733; x_wconf 91' lang='lat' dir='ltr'><em>in</em></span> <span class='ocrx_word' id='word_1_131' title='bbox 820 2663 908 2733; x_wconf 88' lang='lat' dir='ltr'><em>mari</em></span> <span class='ocrx_word' id='word_1_132' title='bbox 927 2676 964 2733; x_wconf 88' lang='lat' dir='ltr'><em>et</em></span> <span class='ocrx_word' id='word_1_133' title='bbox 983 2662 1017 2732; x_wconf 89' lang='lat' dir='ltr'><em>in</em></span> <span class='ocrx_word' id='word_1_134' title='bbox 1037 2676 1131 2732; x_wconf 89' lang='lat' dir='ltr'><em>terra</em></span> <span class='ocrx_word' id='word_1_135' title='bbox 1149 2658 1273 2744; x_wconf 83' lang='lat' dir='ltr'><em>sactis,</em></span> <span class='ocrx_word' id='word_1_136' title='bbox 1295 2656 1360 2728; x_wconf 92' lang='lat' dir='ltr'><em>bu-</em></span> 
     </span>
     <span class='ocr_line' id='line_1_21' title="bbox 296 2776 1363 2874; baseline -0.002 -26"><span class='ocrx_word' id='word_1_137' title='bbox 296 2804 400 2849; x_wconf 87' lang='lat' dir='ltr'><em>mana</em></span> <span class='ocrx_word' id='word_1_138' title='bbox 424 2776 637 2850; x_wconf 88' lang='lat' dir='ltr'><em>mirabiliter</em></span> <span class='ocrx_word' id='word_1_139' title='bbox 657 2780 763 2850; x_wconf 84' lang='lat' dir='ltr'><em>corda</em></span> <span class='ocrx_word' id='word_1_140' title='bbox 788 2777 956 2852; x_wconf 88' lang='lat' dir='ltr'><em>terrebat.</em></span> <span class='ocrx_word' id='word_1_141' title='bbox 982 2777 1221 2851; x_wconf 87' lang='lat' dir='ltr'><em>Concessionc</em></span> <span class='ocrx_word' id='word_1_142' title='bbox 1242 2776 1363 2874; x_wconf 85' lang='lat' dir='ltr'><em>itaque</em></span> 
     </span>
     <span class='ocr_line' id='line_1_22' title="bbox 297 2891 1362 2992; baseline -0.003 -28"><span class='ocrx_word' id='word_1_143' title='bbox 297 2892 408 2980; x_wconf 71' lang='lat' dir='ltr'><em>fincta,</em></span> <span class='ocrx_word' id='word_1_144' title='bbox 428 2895 501 2965; x_wconf 91' lang='lat' dir='ltr'><em>tiro</em></span> <span class='ocrx_word' id='word_1_145' title='bbox 523 2894 654 2965; x_wconf 78' lang='lat' dir='ltr'><em>Christi</em></span> <span class='ocrx_word' id='word_1_146' title='bbox 680 2921 766 2969; x_wconf 84' lang='lat' dir='ltr'><em>mox</em></span> <span class='ocrx_word' id='word_1_147' title='bbox 791 2911 1011 2983; x_wconf 87' lang='lat' dir='ltr'><em>tonsoratur,</em></span> <span class='ocrx_word' id='word_1_148' title='bbox 1032 2891 1239 2992; x_wconf 81' lang='lat' dir='ltr'><em>neophytus</em></span> <span class='ocrx_word' id='word_1_149' title='bbox 1256 2892 1362 2963; x_wconf 88' lang='lat' dir='ltr'><em>sacris</em></span> 
     </span>
     <span class='ocr_line' id='line_1_23' title="bbox 299 3007 1360 3111; baseline 0.001 -32"><span class='ocrx_word' id='word_1_150' title='bbox 299 3007 1360 3111; x_wconf 75' lang='lat' dir='ltr'><em>vestibusinduitur3quibnspertriduumindutus,Cbris10,</em></span> 
     </span>
     <span class='ocr_line' id='line_1_24' title="bbox 299 3114 1366 3225; baseline -0.002 -29"><span class='ocrx_word' id='word_1_151' title='bbox 299 3141 340 3196; x_wconf 90' lang='lat' dir='ltr'><em>ut</em></span> <span class='ocrx_word' id='word_1_152' title='bbox 348 3151 429 3196; x_wconf 89' lang='lat' dir='ltr'><em>cnm</em></span> <span class='ocrx_word' id='word_1_153' title='bbox 438 3150 481 3197; x_wconf 90' lang='lat' dir='ltr'><em>eo</em></span> <span class='ocrx_word' id='word_1_154' title='bbox 491 3150 674 3225; x_wconf 78' lang='lat' dir='ltr'><em>resurgere</em></span> <span class='ocrx_word' id='word_1_155' title='bbox 682 3114 805 3225; x_wconf 83' lang='lat' dir='ltr'><em>possit,</em></span> <span class='ocrx_word' id='word_1_156' title='bbox 816 3127 1069 3225; x_wconf 78' lang='lat' dir='ltr'><em>consepelitur.</em></span> <span class='ocrx_word' id='word_1_157' title='bbox 1079 3122 1366 3221; x_wconf 73' lang='lat' dir='ltr'><em>Ter-tiadeniquc</em></span> 
     </span>
     <span class='ocr_line' id='line_1_25' title="bbox 299 3238 1366 3331; baseline -0.001 -21"><span class='ocrx_word' id='word_1_158' title='bbox 299 3241 356 3313; x_wconf 90' lang='lat' dir='ltr'><em>die</em></span> <span class='ocrx_word' id='word_1_159' title='bbox 372 3256 527 3314; x_wconf 86' lang='lat' dir='ltr'><em>mortem</em></span> <span class='ocrx_word' id='word_1_160' title='bbox 542 3242 711 3329; x_wconf 89' lang='lat' dir='ltr'><em>sentiens,</em></span> <span class='ocrx_word' id='word_1_161' title='bbox 726 3242 854 3315; x_wconf 85' lang='lat' dir='ltr'><em>fratres</em></span> <span class='ocrx_word' id='word_1_162' title='bbox 867 3243 972 3314; x_wconf 87' lang='lat' dir='ltr'><em>acciri</em></span> <span class='ocrx_word' id='word_1_163' title='bbox 988 3242 1092 3331; x_wconf 82' lang='lat' dir='ltr'><em>lecit,</em></span> <span class='ocrx_word' id='word_1_164' title='bbox 1105 3266 1146 3311; x_wconf 86' lang='lat' dir='ltr'><em>ac</em></span> <span class='ocrx_word' id='word_1_165' title='bbox 1160 3254 1200 3310; x_wconf 92' lang='lat' dir='ltr'><em>nt</em></span> <span class='ocrx_word' id='word_1_166' title='bbox 1211 3238 1279 3310; x_wconf 90' lang='lat' dir='ltr'><em>sibi</em></span> <span class='ocrx_word' id='word_1_167' title='bbox 1293 3262 1366 3309; x_wconf 78' lang='lat' dir='ltr'><em>mo</em></span> 
     </span>
     <span class='ocr_line' id='line_1_26' title="bbox 301 3354 1366 3454; baseline -0.002 -26"><span class='ocrx_word' id='word_1_168' title='bbox 301 3358 474 3430; x_wconf 89' lang='lat' dir='ltr'><em>rientium</em></span> <span class='ocrx_word' id='word_1_169' title='bbox 488 3360 838 3432; x_wconf 84' lang='lat' dir='ltr'><em>commendationem</em></span> <span class='ocrx_word' id='word_1_170' title='bbox 852 3358 1024 3445; x_wconf 87' lang='lat' dir='ltr'><em>facerent,</em></span> <span class='ocrx_word' id='word_1_171' title='bbox 1040 3358 1192 3454; x_wconf 82' lang='lat' dir='ltr'><em>rogavit.</em></span> <span class='ocrx_word' id='word_1_172' title='bbox 1208 3354 1286 3448; x_wconf 84' lang='lat' dir='ltr'><em>Qua</em></span> <span class='ocrx_word' id='word_1_173' title='bbox 1301 3380 1366 3452; x_wconf 93' lang='lat' dir='ltr'><em>pe-</em></span> 
     </span>
     <span class='ocr_line' id='line_1_27' title="bbox 301 3471 1364 3572; baseline -0.004 -28"><span class='ocrx_word' id='word_1_174' title='bbox 301 3489 417 3562; x_wconf 88' lang='lat' dir='ltr'><em>racta,</em></span> <span class='ocrx_word' id='word_1_175' title='bbox 436 3500 563 3572; x_wconf 86' lang='lat' dir='ltr'><em>aquam</em></span> <span class='ocrx_word' id='word_1_176' title='bbox 579 3474 805 3547; x_wconf 85' lang='lat' dir='ltr'><em>benedictam</em></span> <span class='ocrx_word' id='word_1_177' title='bbox 820 3492 855 3548; x_wconf 88' lang='grc'><em>11</em></span> <span class='ocrx_word' id='word_1_178' title='bbox 870 3501 1012 3548; x_wconf 88' lang='lat' dir='ltr'><em>crucem</em></span> <span class='ocrx_word' id='word_1_179' title='bbox 1026 3472 1093 3545; x_wconf 86' lang='lat' dir='ltr'><em>sibi</em></span> <span class='ocrx_word' id='word_1_180' title='bbox 1110 3474 1230 3546; x_wconf 78' lang='lat' dir='ltr'><em>afferri</em></span> <span class='ocrx_word' id='word_1_181' title='bbox 1248 3471 1364 3570; x_wconf 88' lang='lat' dir='ltr'><em>petiit.</em></span> 
     </span>
     <span class='ocr_line' id='line_1_28' title="bbox 303 3589 1364 3690; baseline -0.003 -29"><span class='ocrx_word' id='word_1_182' title='bbox 303 3589 441 3682; x_wconf 85' lang='lat' dir='ltr'><em>Quibus</em></span> <span class='ocrx_word' id='word_1_183' title='bbox 470 3589 608 3682; x_wconf 85' lang='lat' dir='ltr'><em>allatis,</em></span> <span class='ocrx_word' id='word_1_184' title='bbox 642 3618 729 3690; x_wconf 87' lang='lat' dir='ltr'><em>aqna</em></span> <span class='ocrx_word' id='word_1_185' title='bbox 758 3619 794 3665; x_wconf 88' lang='lat' dir='ltr'><em>se</em></span> <span class='ocrx_word' id='word_1_186' title='bbox 820 3593 984 3690; x_wconf 88' lang='lat' dir='ltr'><em>aspersit,</em></span> <span class='ocrx_word' id='word_1_187' title='bbox 1015 3617 1157 3663; x_wconf 90' lang='lat' dir='ltr'><em>crucem</em></span> <span class='ocrx_word' id='word_1_188' title='bbox 1183 3589 1364 3675; x_wconf 84' lang='lat' dir='ltr'><em>adoravit,</em></span> 
     </span>
     <span class='ocr_line' id='line_1_29' title="bbox 303 3705 1370 3809; baseline -0.002 -31"><span class='ocrx_word' id='word_1_189' title='bbox 303 3709 540 3808; x_wconf 85' lang='lat' dir='ltr'><em>Christoque,</em></span> <span class='ocrx_word' id='word_1_190' title='bbox 568 3711 629 3807; x_wconf 86' lang='lat' dir='ltr'><em>qui</em></span> <span class='ocrx_word' id='word_1_191' title='bbox 659 3712 696 3781; x_wconf 92' lang='lat' dir='ltr'><em>in</em></span> <span class='ocrx_word' id='word_1_192' title='bbox 724 3738 829 3783; x_wconf 88' lang='lat' dir='ltr'><em>cruce</em></span> <span class='ocrx_word' id='word_1_193' title='bbox 850 3710 1041 3809; x_wconf 88' lang='lat' dir='ltr'><em>pependit,</em></span> <span class='ocrx_word' id='word_1_194' title='bbox 1063 3710 1112 3780; x_wconf 87' lang='lat' dir='ltr'><em>sic</em></span> <span class='ocrx_word' id='word_1_195' title='bbox 1134 3735 1187 3795; x_wconf 86' lang='lat' dir='ltr'><em>sc,</em></span> <span class='ocrx_word' id='word_1_196' title='bbox 1211 3705 1370 3807; x_wconf 89' lang='lat' dir='ltr'><em>quodam</em></span> 
     </span>
     <span class='ocr_line' id='line_1_30' title="bbox 305 3823 1446 3925; baseline -0.003 -30"><span class='ocrx_word' id='word_1_197' title='bbox 305 3823 461 3922; x_wconf 84' lang='lat' dir='ltr'><em>sophista</em></span> <span class='ocrx_word' id='word_1_198' title='bbox 479 3826 738 3925; x_wconf 85' lang='lat' dir='ltr'><em>praeloquente,</em></span> <span class='ocrx_word' id='word_1_199' title='bbox 758 3828 1022 3900; x_wconf 82' lang='lat' dir='ltr'><em>commendarit</em></span> <span class='ocrx_word' id='word_1_200' title='bbox 1039 3857 1047 3896; x_wconf 92' lang='lat'><strong>:</strong></span> <span class='ocrx_word' id='word_1_201' title='bbox 1066 3826 1110 3896; x_wconf 91' lang='lat' dir='ltr'><em>In</em></span> <span class='ocrx_word' id='word_1_202' title='bbox 1124 3850 1256 3896; x_wconf 85' lang='lat' dir='ltr'><em>manus</em></span> <span class='ocrx_word' id='word_1_203' title='bbox 1276 3839 1368 3906; x_wconf 75' lang='lat' dir='ltr'><em>toas,</em></span> <span class='ocrx_word' id='word_1_204' title='bbox 1445 3916 1446 3919; x_wconf 8' lang='grc' dir='ltr'><strong>Ἴ</strong></span> 
     </span>
     <span class='ocr_line' id='line_1_31' title="bbox 308 3939 1373 4044; baseline 0.001 -38"><span class='ocrx_word' id='word_1_205' title='bbox 308 3942 459 4044; x_wconf 64' lang='lat' dir='ltr'><em>[minine</em></span> <span class='ocrx_word' id='word_1_206' title='bbox 481 3942 595 4028; x_wconf 76' lang='lat' dir='ltr'><em>Datis,</em></span> <span class='ocrx_word' id='word_1_207' title='bbox 622 3941 705 4014; x_wconf 88' lang='lat' dir='ltr'><em>licet</em></span> <span class='ocrx_word' id='word_1_208' title='bbox 730 3943 813 4015; x_wconf 86' lang='lat' dir='ltr'><em>olim</em></span> <span class='ocrx_word' id='word_1_209' title='bbox 835 3960 1021 4042; x_wconf 85' lang='lat' dir='ltr'><em>peccator,</em></span> <span class='ocrx_word' id='word_1_210' title='bbox 1042 3968 1139 4014; x_wconf 80' lang='lat' dir='ltr'><em>rianc</em></span> <span class='ocrx_word' id='word_1_211' title='bbox 1156 3964 1239 4012; x_wconf 84' lang='lat' dir='ltr'><em>aero</em></span> <span class='ocrx_word' id='word_1_212' title='bbox 1262 3939 1373 4036; x_wconf 84' lang='lat' dir='ltr'><em>poeni·</em></span> 
     </span>
    </p>
   </div>
   <div class='ocr_carea' id='block_1_3' title="bbox 457 4111 1374 4130">
    <p class='ocr_par' dir='ltr' id='par_1_4' title="bbox 457 4111 1374 4130">
     <span class='ocr_line' id='line_1_32' title="bbox 457 4111 1374 4130; baseline -0.001 -5"><span class='ocrx_word' id='word_1_213' title='bbox 457 4116 518 4122; x_wconf 50' lang='lat'><em>*⁴*-</em></span> <span class='ocrx_word' id='word_1_214' title='bbox 535 4118 537 4121; x_wconf 85' lang='lat'><em>.</em></span> <span class='ocrx_word' id='word_1_215' title='bbox 552 4117 617 4123; x_wconf 72' lang='lat'><em>1----</em></span> <span class='ocrx_word' id='word_1_216' title='bbox 633 4118 705 4126; x_wconf 70' lang='lat' dir='ltr'><strong>——u-</strong></span> <span class='ocrx_word' id='word_1_217' title='bbox 721 4117 1144 4130; x_wconf 65' lang='lat'>-—----.-.-·--——-—-—0—-..-——</span> <span class='ocrx_word' id='word_1_218' title='bbox 1154 4111 1374 4125; x_wconf 54' lang='lat' dir='ltr'><em>mooun-*-</em></span> 
     </span>
    </p>
   </div>
   <div class='ocr_carea' id='block_1_4' title="bbox 344 4201 694 4268">
    <p class='ocr_par' dir='ltr' id='par_1_5' title="bbox 344 4201 694 4268">
     <span class='ocr_line' id='line_1_33' title="bbox 344 4201 694 4268; baseline 0.014 -18"><span class='ocrx_word' id='word_1_219' title='bbox 344 4203 380 4265; x_wconf 61' lang='lat' dir='ltr'><em>st}</em></span> <span class='ocrx_word' id='word_1_220' title='bbox 403 4201 481 4252; x_wconf 72' lang='lat' dir='ltr'><em>t&#39;aer.</em></span> <span class='ocrx_word' id='word_1_221' title='bbox 501 4201 653 4267; x_wconf 68' lang='grc' dir='ltr'>1”111111ἰ·.,1,</span> <span class='ocrx_word' id='word_1_222' title='bbox 671 4207 694 4268; x_wconf 66' lang='lat' dir='ltr'><em>l.</em></span> 
     </span>
    </p>
   </div>
   <div class='ocr_carea' id='block_1_5' title="bbox 0 0 1485 4980">
    <p class='ocr_par' dir='ltr' id='par_1_6' title="bbox 0 0 1485 4980">
     <span class='ocr_line' id='line_1_34' title="bbox 0 0 1485 4980; baseline 0 0"><span class='ocrx_word' id='word_1_223' title='bbox 0 0 1485 4980; x_wconf 95' lang='lat' dir='ltr'><em> </em></span> 
     </span>
    </p>
   </div>
  </div>
 </body>
</html>
