2910 4980
190 409 398 487 [somnae]
561 407 678 470 naua
698 407 883 484 Quturus.
1197 412 1253 472 sn

190 526 316 601 oennis
330 525 530 627 Angligena
548 526 618 599 huc
635 526 802 601 advectus
811 581 824 618 ,
838 523 1082 627 barbaramque
1098 541 1135 600 et
1152 529 1257 627 igno-

192 665 251 721 tus
263 634 402 743 'advena
421 648 632 722 enitentibus
647 649 824 751 indigenis
842 649 1040 737 admixtus,
1059 650 1258 748 inspirante

191 766 270 840 Deo
286 765 585 841 Normannorum
604 783 701 867 gesta
718 783 755 840 et
772 784 920 841 eventus
936 766 1156 840 Normannis
1172 796 1258 869 pro-

191 910 292 957 mere
308 884 446 983 scripto
463 909 543 957 sum
562 900 723 959 conatus.
743 885 822 957 Jam
844 884 935 958 duos
959 885 1161 986 opitulante
1183 887 1258 962 Deo

192 1000 335 1076 libellos
353 1001 447 1075 edidi
467 1003 544 1100 (r),
563 1001 694 1103 quibus
711 1002 755 1076 de
771 1003 997 1103 reparatione
1015 1000 1106 1074 sedis
1122 1019 1258 1077 nostrae

192 1134 230 1193 et
244 1118 291 1194 de
311 1118 428 1192 tribus
451 1117 640 1193 abbatibus
655 1122 811 1209 nostris,
832 1146 916 1192 cum
935 1118 1148 1221 quibusdam
1166 1123 1259 1194 casi-

192 1234 260 1308 bus
286 1236 458 1334 temporis
485 1235 581 1308 illius
608 1235 767 1311 breviter
794 1237 947 1325 inserui,
970 1237 1144 1310 veraciter
1172 1238 1259 1311 alie-

192 1378 302 1452 gans,
327 1367 439 1452 prout
456 1351 503 1424 ab
525 1355 670 1427 annosis
692 1350 893 1427 senioribus
917 1352 1108 1453 diligenter
1130 1354 1259 1453 exqui-

193 1473 273 1544 sivi.
290 1470 431 1544 amodo
448 1472 598 1544 tertium
610 1469 656 1543 ab
671 1497 768 1545 auno
786 1472 1043 1545 incarnationis
1059 1472 1259 1544 Dominicae

193 1602 236 1661 11⁰
257 1601 344 1659 uxx⁰
362 1601 400 1659 νο
428 1585 592 1660 libellum
616 1587 794 1675 exordiar,
827 1602 864 1661 et
889 1586 934 1661 de
957 1584 1087 1661 abbate
1114 1613 1195 1661 meo
1217 1615 1258 1660 ac

192 1704 354 1779 Utioensi
371 1705 547 1778 concione
568 1719 604 1778 et
619 1703 786 1779 derebus
804 1731 869 1805 per
890 1730 942 1778 x11
960 1731 1073 1780 annos
1093 1734 1102 1775 :
1123 1705 1259 1777 seilicet

193 1847 308 1921 usque
334 1819 377 1893 ad
402 1820 589 1895 Guiilelmi
608 1823 701 1922 regis
724 1819 887 1910 obitum,
911 1823 1019 1922 gestis
1045 1821 1207 1922 eloquar.
1228 1823 1259 1894 A

192 1935 347 2037 praefato
359 1963 490 2035 nempe
506 1963 604 2012 anuo
617 1938 733 2038 placet
747 1938 916 2013 inchoare
932 1965 1088 2037 praesens
1105 1964 1260 2039 opuscu-

193 2052 270 2125 lum
277 2106 292 2141 ‚
306 2078 380 2153 quo
396 2053 434 2123 in
446 2050 538 2125 hanc
551 2052 669 2126 lucem
681 2068 720 2125 x⁰
731 2053 864 2128 1v⁰kal.
878 2053 998 2127 martii
1008 2054 1063 2150 (a)
1078 2053 1205 2125 matris
1215 2080 1258 2126 ex

192 2185 299 2245 utero
316 2169 485 2269 profusus
502 2197 603 2257 sum,
623 2168 840 2271 sabbatoque
856 2171 1036 2271 sequentis
1052 2169 1194 2244 Paschae
1205 2172 1257 2268 (ὅ)

192 2285 289 2385 apud
309 2285 560 2387 Ettingesbam
582 2289 621 2361 in
643 2287 786 2362 ecclesia
809 2289 920 2359 sancti
944 2289 1058 2360 Eattae
1079 2286 1258 2360 consesso-

192 2402 242 2475 ris
252 2404 325 2502 (4),
339 2429 421 2503 quae
429 2404 495 2476 sita
511 2418 564 2477 est
575 2430 681 2504 super
694 2402 881 2476 Sabrinam
893 2403 1045 2477 fluvium
1058 2429 1122 2503 per
1133 2404 1257 2475 minis·

193 2518 325 2591 terium
334 2518 475 2592 Ordrici
488 2520 679 2593 sacerdotis
687 2546 787 2593 sacro
798 2519 902 2595 fonte
914 2535 1059 2592 renatus
1068 2545 1159 2591 sum.
1173 2520 1257 2592 Post

192 2614 484 2734 quinquennium
497 2635 656 2709 Siwardo
674 2635 789 2709 nobili
803 2634 1016 2736 presbytero
1031 2636 1163 2709 litteris
1180 2662 1258 2708 eru·

192 2750 343 2825 diendus
372 2778 391 2823 a
419 2754 583 2851 genitore
611 2747 762 2826 traditus
790 2780 889 2840 sum,
922 2757 1022 2854 cujus
1053 2752 1257 2855 magisterio

192 2867 309 2964 prima
323 2868 530 2966 percipiens
550 2868 753 2943 rudimenta
777 2871 938 2971 quinque
961 2871 1065 2942 annis
1087 2869 1258 2969 subjuga-

194 2999 358 3057 tussam.
371 2985 573 3059 Undecimo
587 3001 707 3059 autem
719 2987 832 3060 aetatis
845 3013 935 3062 meae
946 3013 1042 3061 anuo
1054 3012 1123 3087 pro
1136 3012 1259 3060 amore

194 3280 367 3354 libaturus,
385 3285 453 3341 daus
468 3287 494 3342 le
512 3288 695 3361 Shropshire,
717 3285 766 3343 tt
784 3287 873 3342 milles
891 3287 925 3341 de
941 3285 1133 3357 Shrewsbury,
1155 3303 1203 3339 sur
1219 3284 1258 3338 les

194 3372 304 3431 mbas
316 3374 391 3432 dela
408 3378 511 3433 Marcie
527 3388 556 3434 et
576 3378 614 3433 du
632 3396 697 3453 pays
713 3378 748 3434 de
761 3378 868 3446 Galles,
887 3378 913 3431 le
929 3395 959 3452 ¹7
971 3376 1072 3431 fortier
1091 3375 1166 3450 1075.
1182 3376 1259 3430 Nous

193 3476 403 3541 numque
415 3483 466 3523 sou
480 3469 547 3540 pere
559 3469 628 3523 etait
644 3486 715 3522 venu
727 3467 839 3521 habitor
855 3465 1039 3537 Shrewsbury
1057 3467 1073 3518 'a
1088 3462 1115 3517 la
1133 3463 1205 3518 suite
1222 3462 1258 3518 de

194 3544 345 3623 fflss
352 3552 574 3629 Houtgommeri.

340 3646 378 3697 ua
387 3650 487 3697 auteur
503 3653 566 3698 veut
583 3642 673 3716 parler
688 3643 722 3696 ici
734 3641 772 3696 du
782 3642 923 3696 troisieme
932 3651 961 3695 et
973 3640 1011 3693 du
1024 3640 1179 3714 quatribme
1192 3637 1260 3693 livre

388 3747 442 3801 taes
454 3748 486 3789 ω
495 3733 544 3807 qui
554 3750 658 3807 prouve
673 3731 765 3807 quale
778 3732 899 3806 premier
911 3742 940 3787 et
951 3730 977 3786 lo
989 3729 1134 3787 deuxieme
1147 3740 1209 3784 sont
1221 3748 1260 3783 uu

436 3822 489 3896 11ίρ
500 3824 579 3897 sptbs
591 3840 672 3896 coup.

624 4020 658 4059 ue
670 4002 706 4058 de
719 4003 840 4077 Piques,
860 4023 887 4057 ιι
904 4003 979 4058 avril.

652 4091 724 4161 ssat,
743 4092 783 4148 les
803 4094 877 4147 Acta
897 4094 948 4147 SS.
968 4091 1028 4145 ord.
1053 4093 1081 4145 S.
1103 4087 1258 4162 Benedicti,
