2910 4980
188 345 394 422 [ius-10⁷9]
557 338 674 404 unm
694 340 878 418 Qumrus.
1189 340 1249 403 ast

190 464 355 563 minique
371 462 424 535 sui
439 459 669 535 exbaeredatis
680 458 940 535 vendebantur.
957 459 1015 531 Sic
1029 459 1250 533 Normannia

191 579 292 676 pejus
308 605 327 649 a
345 577 416 649 suis
432 603 540 677 quam
560 576 604 647 ab
626 577 781 649 externis
799 572 1006 663 vexabatur,
1026 590 1063 647 et
1084 575 1253 649 intestina

192 707 291 790 peste
307 689 580 765 demoliebatur.

241 806 291 879 At
306 807 552 907 magnanimus
571 832 635 880 rex
649 806 784 880 validos
800 808 975 880 exercitus
991 805 1141 905 provide
1156 833 1255 906 prae-

194 926 354 1024 paravit,
380 926 418 998 in
440 923 574 998 linibus
591 924 788 1023 provinciae
806 922 968 998 hostibus
989 924 1168 1023 contiguae
1190 950 1255 1022 per

194 1043 335 1116 castella
357 1044 553 1143 disposuit,
578 1058 705 1115 contra
726 1068 850 1116 omnes
869 1042 1085 1115 adversarios
1102 1041 1256 1114 viriliter

193 1158 355 1260 undique
377 1161 533 1249 restitit,
560 1187 626 1234 nec
652 1159 807 1260 aliquem
831 1175 964 1232 terram
986 1185 1085 1230 suam
1108 1159 1256 1257 impune

193 1274 346 1374 praedari
357 1277 533 1375 permisit.
548 1278 625 1350 Hoc
638 1278 757 1363 etiam,
773 1275 872 1375 quod
885 1290 959 1346 tam
972 1300 1085 1372 prope
1101 1274 1254 1346 limitem

193 1419 300 1466 suum
314 1392 432 1466 hostes
444 1393 496 1464 sui
512 1394 629 1466 sedem
642 1392 708 1464 sibi
723 1393 919 1492 elegerant,
937 1390 1126 1489 indignum
1137 1391 1253 1479 duxit,

193 1535 264 1585 nec
280 1510 356 1583 sine
369 1509 521 1584 terribili
536 1510 712 1582 calumnia
726 1508 860 1581 diutius
876 1507 1039 1606 pertulit.
1055 1505 1160 1579 Unde
1175 1521 1258 1605 post

194 1625 321 1700 Natale
331 1627 477 1700 Domini
492 1627 530 1697 in
545 1624 703 1699 hibernis
715 1623 897 1697 mensibus
909 1623 1056 1696 ferratas
1067 1621 1258 1723 phalanges

194 1743 383 1831 adunavit,
400 1759 436 1817 et
448 1743 613 1815 inimicos
625 1741 700 1817 dira
714 1740 781 1814 sibi
794 1741 1056 1814 comminantes
1067 1739 1161 1837 apud
1173 1740 1260 1814 Ger·

194 1855 386 1933 butracum
402 1859 514 1932 visere
530 1856 648 1945 vadit,
668 1874 704 1930 et
723 1856 798 1930 fere
815 1854 931 1928 tribus
949 1856 1154 1953 septimanis
1178 1882 1260 1928 cum

196 1972 312 2047 valida
331 1999 440 2046 manu
464 1988 655 2047 castrenses
677 1971 863 2045 obsidione
888 1971 1060 2045 coercuit.
1085 1973 1261 2070 Proecipui

198 2091 337 2190 pugiles
363 2096 403 2161 in
430 2104 582 2190 utraque
608 2104 710 2189 parte
738 2087 962 2176 militabant,
993 2103 1030 2162 et
1051 2088 1261 2188 frequenter

200 2207 304 2281 electi
321 2207 554 2294 fortitudine,
575 2208 775 2306 peritiaque
795 2206 961 2292 militari,
990 2204 1034 2277 ad
1051 2205 1263 2279 conflictum

198 2322 476 2397 conveniebant.
513 2323 607 2394 Hinc
639 2323 841 2397 Normauni
876 2339 912 2395 et
940 2321 1068 2421 Angli,
1103 2324 1263 2424 regiique

198 2439 388 2513 auxiliares
405 2439 450 2513 de
467 2439 631 2513 finitimis
648 2440 857 2541 regionibus
876 2441 1007 2513 acriter
1029 2440 1240 2514 insistebant
1248 2442 1263 2529 ς’

198 2555 303 2629 illinc
315 2555 408 2630 Galli
420 2571 456 2629 et
467 2557 576 2629 vicini
590 2556 721 2644 hostes,
735 2555 921 2630 Rodberto
935 2555 1168 2645 cobaerentes,
1182 2555 1263 2630 sor-

197 2674 286 2748 titer
302 2671 514 2746 resistebant
526 2675 591 2771 (1).
606 2672 893 2773 Conlligentibus
908 2672 976 2744 illis
990 2672 1108 2770 plures
1122 2673 1262 2771 dejicie-

232 2949 245 3016 (
251 2949 276 3018 i)
291 2947 332 3003 Ge
347 2949 417 3003 recit
430 2947 469 3002 du
483 2949 557 3022 siege
571 2948 607 3002 de
617 2949 751 3004 Gerberoi
764 2959 805 3004 est
813 2949 870 3004 fort
884 2949 1042 3022 incomplet.
1056 2950 1199 3006 Orderica
1213 2954 1264 3008 ne·

196 3036 274 3112 gligit
285 3037 321 3092 de
332 3037 393 3093 dire
405 3057 437 3094 ce
452 3058 507 3114 que
521 3057 591 3094 nous
609 3057 704 3094 sarons
715 3058 765 3113 par
777 3058 833 3094 nne
846 3039 941 3095 charte
959 3038 995 3093 de
1011 3039 1142 3114 Philippa
1152 3042 1193 3108 l“‚
1209 3061 1265 3116 que

199 3145 235 3183 ce
245 3127 342 3200 prinee
351 3146 379 3183 se
389 3130 508 3184 renuitis
520 3128 680 3185 Gnillaurne
689 3147 761 3202 pour
769 3129 888 3200 assieger
899 3128 1006 3183 Robert
1017 3128 1084 3183 dans
1093 3128 1117 3183 la
1126 3130 1203 3202 place
1212 3150 1268 3205 que

196 3215 352 3271 lui-mbme
363 3216 403 3271 lui
416 3218 488 3272 avait
499 3219 623 3291 assignee
639 3236 710 3291 pour
723 3218 829 3291 refuge.
844 3217 919 3271 Dans
932 3227 1004 3271 cette
1017 3217 1112 3272 charte
1126 3237 1161 3272 en
1174 3220 1268 3275 saveur

197 3305 239 3361 de
257 3304 381 3378 l’abbaye
399 3306 434 3361 de
447 3308 681 3376 saint-Quentin‚
702 3326 738 3362 on
753 3309 786 3363 lit
801 3307 841 3362 les
858 3308 1056 3378 souscriptious
1070 3309 1206 3364 sulcantes
1218 3312 1268 3384 qni

197 3393 365 3452 euhtment
377 3395 460 3452 d’une
475 3399 598 3453 muniere
611 3398 789 3472 irrefragable
801 3397 827 3451 la
839 3397 915 3469 ligue
931 3396 979 3451 des
989 3396 1061 3451 deux
1070 3399 1227 3453 souverains
1241 3411 1270 3455 et

195 3485 230 3541 ln
247 3484 313 3541 date
324 3485 364 3539 du
375 3487 466 3561 sibge:
484 3489 550 3561 Ego
567 3488 715 3561 Philippus
728 3489 901 3543 Francorum
913 3505 965 3541 rex
976 3489 1090 3558 propria
1103 3506 1188 3541 uranu
1200 3490 1269 3543 sub-

196 3577 314 3648 scripsi.
332 3575 359 3642 l.
375 3576 440 3649 Ego
458 3577 612 3631 Willelmus
632 3579 791 3651 Anglorum
805 3597 856 3633 rex
868 3579 982 3649 propria
1003 3595 1088 3631 manu
1105 3578 1265 3649 subscripsi.

198 3663 311 3717 Actum
326 3663 436 3735 publice
454 3667 483 3718 in
502 3664 644 3720 obsidione
666 3686 762 3737 regum
780 3665 977 3737 proedieurrum
997 3664 1128 3719 uidelicet
1147 3667 1272 3739 Philippi

198 3753 281 3820 regis
302 3749 475 3805 Francorum
496 3763 523 3806 et
551 3754 682 3810 Willelmi
702 3755 860 3825 Anglorum
883 3755 956 3825 regis
979 3755 1052 3806 eirca
1078 3753 1270 3808 Gerboredum

195 3856 282 3895 acuo
294 3843 436 3896 incausati
448 3844 536 3898 Verbi
546 3851 578 3898 u‘
591 3855 647 3898 une
659 3855 728 3897 vur.
739 3843 763 3897 Il
775 3843 876 3898 resulto
889 3842 1049 3898 clairement
1059 3842 1097 3897 du
1106 3844 1272 3916 rappioche·

195 3939 286 3983 nent
295 3928 330 3984 de
340 3940 411 3985 cette
423 3930 486 3987 date
500 3951 563 3987 avec
576 3933 601 3988 le
614 3933 663 3987 fait
675 3933 769 3988 sourni
782 3952 832 4006 par
841 3943 921 3987 notre
934 3942 1040 3998 auteur,
1056 3930 1095 3985 du
1108 3932 1182 4004 siege
1194 3952 1271 3988 com·

192 4021 306 4073 meree
317 4021 396 4092 apres
408 4020 493 4089 Nost,
509 4022 576 4096 qn’il
593 4034 640 4078 eut
653 4021 815 4077 rbellernent
827 4022 885 4077 lien
898 4042 933 4076 au
947 4023 1015 4075 mois
1028 4020 1062 4074 de
1071 4021 1180 4091 janvier
1196 4042 1272 4097 ¹⁰79·

245 4103 305 4160 Une
323 4117 402 4163 autre
415 4110 547 4165 omission
561 4111 753 4183 importantea
767 4109 870 4165 relever
880 4110 947 4164 dans
961 4128 991 4164 ce
1007 4109 1090 4175 reicit,
1105 4119 1145 4164 est
1155 4109 1222 4166 celle
1234 4110 1273 4164 du
