2910 4980
559 415 679 478 LIBER
699 414 882 491 QUINTUS.
1199 415 1260 479 347

193 567 276 631 cus,
290 539 478 613 sanctitate
489 551 526 612 et
542 536 713 637 sapientia
726 535 1059 637 praestantissimus,
1074 537 1261 611 ordinatus

192 673 261 732 est.
285 658 328 729 ln
355 653 519 730 Neustria
541 652 781 746 Philiberttts,
801 653 991 729 nobilitate
1012 668 1050 730 et
1073 656 1261 730 sanctitate

191 791 232 849 et
252 771 511 848 miraculorum
528 771 670 873 fulgore
692 772 888 874 gloriosus,
907 772 1083 873 petmnsu
1104 773 1260 849 lodovei

192 889 288 991 regis
297 903 337 964 et
349 886 509 961 Baltildis
521 889 658 989 regine
672 886 884 962 coenobium
897 912 986 960 occo
998 888 1262 965 monachorum

192 1006 289 1105 apud
311 1004 575 1080 Gemmeticuru
597 1006 800 1080 construxit
825 1006 904 1103 (1);
932 1006 989 1077 oui
1015 1019 1099 1105 post
1122 1004 1262 1108 aliquot

192 1149 310 1198 annos
326 1139 489 1196 sanctum
506 1120 724 1196 Aichadrum
743 1125 875 1224 (quem
890 1121 934 1196 de
950 1123 1062 1197 Herio
1079 1138 1262 1198 monaste·

191 1241 252 1315 rio
268 1242 525 1340 assumpserat)
538 1241 740 1342 praeposuit
755 1241 824 1339 (2).
844 1242 951 1313 Tunc
968 1238 1263 1340 Guandregisilus

191 1355 411 1431 Fontinellae
426 1358 685 1432 monasterium
701 1354 886 1447 condidit,
905 1352 1026 1456 ibique
1042 1355 1087 1429 ad
1102 1353 1168 1428 Dei
1185 1355 1261 1427 mi-

191 1469 310 1543 litiam
333 1470 447 1545 ferme
470 1497 559 1545 cccc
582 1468 779 1546 monachos
801 1471 1002 1572 aggregavit
1014 1497 1026 1561 3
1062 1496 1106 1545 ex
1128 1467 1261 1572 quibam

188 1587 426 1688 postmodum
448 1588 605 1663 Ecclesia
624 1589 689 1662 Dei
713 1586 757 1660 ad
780 1588 940 1688 regimen
964 1586 1018 1658 sui
1041 1585 1161 1686 plures
1181 1586 1262 1686 epi·

188 1729 322 1804 scopos
350 1720 387 1779 et
413 1705 559 1780 abbates
586 1707 735 1781 idoneos
760 1703 957 1805 gaudenter
978 1704 1167 1802 assumpsit
1190 1704 1207 1802 (
1231 1705 1258 1799 ).

192 1822 365 1898 Sidonius
377 1839 568 1924 quoquest
580 1822 765 1913 Ribertus‚
779 1821 1009 1909 Geremarus,
1023 1818 1260 1909 leudfrelus,

189 1939 325 2041 aliique
339 1939 460 2039 plures
471 1938 638 2017 monachi
651 1939 832 2015 florebant
845 1946 884 2013 in
898 1939 1153 2040 Rotomagensi
1167 1937 1262 2012 dioe·

192 2058 263 2131 cesi
286 2057 366 2155 (103
396 2055 530 2158 quibus
555 2057 725 2132 omnibus
751 2059 795 2130 ad
817 2082 926 2132 omne
953 2056 1092 2130 bonum
1119 2053 1263 2129 favebat

191 2170 354 2245 studium
383 2189 420 2246 et
447 2172 619 2246 auxilium
647 2173 811 2246 audoeni
839 2171 1053 2247 venerabilis
1083 2171 1262 2271 archiepi-

190 2289 314 2386 scopi,
335 2288 427 2360 sicut
451 2288 580 2363 feruidi
606 2289 757 2362 lectores
784 2289 822 2360 in
838 2312 966 2362 eorum
984 2290 1091 2390 gestis
1109 2302 1262 2386 possunt

195 2404 315 2479 lucide
328 2406 579 2506 contemplari.
595 2409 637 2480 ln
649 2406 749 2479 ltalia
766 2407 938 2506 Ariperto
948 2431 1033 2506 rege
1044 2421 1127 2505 post
1144 2430 1182 2476 rx
1195 2429 1262 2475 an-

193 2547 262 2596 nos
270 2520 364 2621 apud
373 2523 543 2596 Ticinum
552 2523 608 2622 (5)
617 2522 803 2611 defuncto,
812 2520 957 2598 duofilii
969 2519 1263 2621 ejusadhucado·

192 2637 380 2711 lescentuli
404 2654 676 2712 successerunt:
699 2638 925 2714 Godehertus
949 2637 1097 2740 quidem
1116 2638 1260 2728 Ticini,

194 2756 376 2830 Bertarith
392 2784 478 2831 vero
497 2759 533 2828 in
555 2758 697 2831 civitate
717 2756 973 2832 Mediolanensi
997 2757 1116 2831 sedem
1138 2754 1264 2829 habuit

194 2875 311 2973 regni.
335 2873 417 2947 Non
437 2873 555 2947 multo
573 2888 655 2975 post
674 2873 903 2948 Grimoaldus
924 2875 1263 2948 Beneventanorum

229 3119 270 3188 (ι)
288 3116 367 3172 Saint
386 3116 525 3172 Philibert
540 3135 577 3171 ou
592 3116 685 3190 plutdt
702 3116 834 3185 Filibert,
851 3115 1001 3171 londateur
1019 3114 1054 3170 de
1070 3117 1212 3189 Jumitges
1227 3133 1263 3169 en

195 3205 265 3277 ost,
277 3208 316 3281 a’y
328 3207 379 3262 tait
387 3207 540 3282 templacer
550 3226 600 3282 par
612 3209 685 3262 saint
696 3207 814 3263 Mcadre
826 3225 887 3262 vers
895 3206 962 3274 682,
976 3216 1006 3261 et
1017 3216 1110 3261 meurt
1117 3204 1143 3259 le
1152 3223 1188 3260 ao
1197 3205 1264 3260 aoirt

194 3293 271 3457 mg)
287 3385 366 3441 saint
381 3385 512 3453 Aicadre,
527 3388 629 3458 envoye'
645 3385 685 3440 du
701 3387 857 3441 monestere
869 3384 905 3440 de
918 3384 1109 3439 Noirmoutier
1124 3401 1175 3456 ptr
1191 3381 1262 3440 saint

192 3474 336 3533 Philibert
346 3474 499 3552 (fias-687).

229 3561 270 3635 (3)
288 3562 368 3620 saint
384 3562 556 3632 Wandrille,
577 3562 724 3618 londateur
736 3563 776 3618 du
789 3564 944 3618 monastero
959 3562 994 3617 de
1010 3559 1171 3618 Fontenelle
1183 3557 1262 3631 (648-

194 3651 476 3814 ²¹(liugallizldaens,
492 3742 650 3811 fondateur,
664 3759 724 3798 vers
737 3741 805 3817 675,
821 3741 860 3797 du
875 3741 1032 3796 monestere
1050 3738 1100 3813 qui
1116 3750 1199 3812 porte
1211 3755 1262 3793 aon

193 3849 277 3899 nom;
292 3834 364 3888 saint
372 3832 473 3889 Ribert
485 3853 555 3890 nous
567 3844 609 3889 est
622 3834 759 3900 inoonuu,
773 3835 789 3887 d
802 3833 894 3887 moins
905 3829 973 3906 qu'il
987 3849 1022 3885 ne
1035 3827 1110 3885 seille
1124 3827 1177 3885 lire
1189 3829 1262 3884 saint

193 3909 354 3987 Erembert,
375 3924 467 3977 moine
485 3927 500 3977 a
520 3922 695 3990 Fontcnelle,
716 3922 779 3995 puis
799 3921 902 3996 eaeque
922 3921 957 3977 de
976 3918 1133 3986 Toulouse,
1154 3929 1229 3973 mort
1246 3922 1262 3973 ia

194 4007 355 4065 Fontenelle
368 4029 403 4065 en
417 4009 487 4086 6753
506 4014 577 4066 saint
589 4013 719 4077 Germer,
737 4011 806 4066 abbe'
824 4010 859 4065 de
874 4009 1011 4076 Pentalle,
1027 4017 1102 4063 mort
1118 4025 1179 4063 vert
1190 4006 1259 4072 (1583

194 4098 397 4165 saintlaeulroi,
409 4100 555 4155 londatour
566 4101 600 4155 de
607 4100 632 4154 la
639 4098 961 4166 croix-Saint-Leulroi,
972 4108 1045 4153 mort
1051 4095 1115 4152 leur
1125 4095 1187 4168 juin
1197 4093 1258 4170 738.

231 4187 270 4257 (5)
288 4188 378 4243 Pavie.
