2910 4980
194 515 254 574 390
463 515 648 576 HISTORIA
668 512 970 577 ECCLESIASTICA.
1047 521 1251 602 [1079-1087]

193 647 337 706 verunt.
356 632 491 733 Regina
506 648 543 706 et
559 633 664 733 legati
678 634 770 734 regis
783 635 1026 723 Francorum,
1044 635 1252 740 nobilesque

192 748 302 819 vicini
316 764 353 820 et
368 749 472 821 amici
489 749 533 821 ad
549 749 867 848 compaginandam
880 775 1003 848 pacem
1017 769 1249 826 accesserunt.

194 864 354 939 Tandem
366 866 472 941 fortis
485 868 650 967 princeps
665 882 849 939 tantorum
860 865 1049 940 assultibus
1062 883 1252 970 magmto

192 1006 276 1052 rum
292 984 417 1070 cessit,
440 998 543 1056 etex
568 983 700 1081 pietate
721 982 836 1055 victus
861 980 1023 1058 sobolem
1048 1010 1151 1057 suam
1174 1010 1254 1057 cum

192 1097 337 1197 collegis
352 1101 424 1172 suis
440 1101 588 1198 recepit.
601 1100 835 1173 Normanniae
846 1126 991 1202 quoque
1007 1100 1198 1191 ducatum,
1212 1103 1257 1174 si·

193 1229 255 1285 cut
277 1215 367 1289 olim
382 1217 477 1316 apud
493 1215 781 1291 Villam-Bonam
799 1218 852 1316 (1)
870 1244 967 1318 aeger
984 1233 1209 1293 concesserat
1225 1219 1257 1292 ei

191 1347 275 1430 post
289 1332 431 1406 obitum
448 1360 571 1423 suum,
590 1359 689 1407 nunc
705 1334 837 1407 iterum
851 1332 945 1407 facta
960 1335 1260 1435 recapitulatione

191 1452 366 1523 concessit
378 1451 595 1548 optimatum
610 1448 778 1522 consultu
794 1473 955 1541 sqorum.
974 1452 1065 1526 Pace
1081 1451 1260 1524 nimirum

191 1584 353 1667 peracta,
379 1568 580 1642 Normonni
605 1584 641 1642 et
660 1569 970 1641 cenomannenses
987 1567 1124 1668 oppido
1149 1567 1263 1669 gavisi

192 1697 296 1769 sunt,
317 1685 380 1783 qui
397 1684 610 1782 jamdudum
626 1683 758 1756 bellico
779 1681 901 1756 labore
924 1685 1128 1783 perplures
1145 1707 1264 1757 annos
1300 1699 1303 1705 ’

192 1797 423 1874 vehementer
440 1803 555 1874 attriti
573 1817 671 1873 sunt.
698 1800 875 1874 Serenitas
899 1802 994 1899 pacis
1016 1801 1080 1874 diu
1096 1801 1265 1901 quaesitae

192 1917 419 2019 interregem
432 1920 597 1994 etlilium
609 1923 683 2019 ejus
695 1916 1079 1993 celeriterobnubilata
1092 1934 1160 1992 est.
1176 1918 1261 1992 Pm-

192 2051 313 2110 torvus
331 2040 429 2111 enim
441 2041 584 2138 juvenis
601 2055 740 2136 patrem
766 2038 884 2136 sequi,
899 2035 956 2109 vel
977 2038 1010 2110 ei
1034 2034 1185 2110 obedire
1201 2033 1258 2108 de-

192 2152 434 2252 dignatusest.
449 2157 642 2230 Animosus
656 2179 742 2229 vero
757 2154 924 2253 princeps
936 2150 986 2228 ob
998 2153 1178 2253 ignaviam
1188 2153 1256 2250 ejus

195 2269 330 2342 crebris
347 2297 431 2345 eum
450 2270 764 2372 redargutionibus
781 2286 816 2344 et
833 2270 1004 2343 conviciis
1020 2269 1140 2368 palam
1164 2269 1255 2367 inju-

112 2448 115 2452 r
195 2387 308 2459 riatus
328 2404 393 2462 est.
419 2388 524 2463 Unde
539 2387 659 2463 denuo
676 2404 759 2488 post
782 2386 929 2489 aliquod
952 2403 1114 2486 tempus,
1140 2384 1254 2486 paucis

196 2500 374 2576 sodalibus
386 2504 515 2594 fretus,
528 2532 549 2578 a
561 2521 661 2604 patre
672 2505 816 2578 recessit
832 2504 901 2602 (2),
916 2529 982 2576 nec
993 2517 1118 2602 postea
1130 2501 1251 2587 rediit;

193 2617 310 2694 donec
320 2637 421 2722 pater
432 2625 590 2698 moriens
602 2624 810 2698 Alberioum
824 2621 993 2696 comitem
1006 2622 1075 2720 (3),
1091 2636 1135 2693 ut
1146 2621 1255 2693 duca-

195 2751 274 2808 tum
290 2739 469 2813 Neustriae
485 2742 680 2839 reciperet,
700 2741 738 2813 in
755 2737 909 2811 Galliam
926 2736 970 2810 ad
985 2763 1070 2811 eum
1086 2736 1233 2810 direxit.

230 3032 267 3105 (ι)
288 3033 325 3087 Le
337 3043 410 3089 texte
422 3033 458 3090 de
469 3034 615 3089 Duchesne
629 3045 709 3107 porte
728 3058 733 3087 z
753 3035 859 3089 Jutnm
870 3032 989 3087 Bonam.
1004 3032 1042 3086 Lu
1059 3027 1258 3085 ressemhlenoe

196 3116 244 3174 des
263 3138 343 3175 noms
361 3120 397 3176 de
416 3139 460 3177 ees
478 3121 549 3177 deux
562 3120 717 3177 residences
730 3121 766 3176 de
785 3137 836 3175 nos
855 3118 923 3173 dues
940 3117 979 3172 les
997 3137 1013 3172 a
1033 3115 1085 3172 fait
1106 3133 1170 3172 sans
1189 3132 1258 3171 cesse

193 3209 313 3281 prendre
322 3209 396 3266 l’une
408 3229 480 3285 pour
490 3211 597 3267 l’autre.
610 3210 635 3266 Il
647 3229 683 3267 en
695 3220 738 3266 est
749 3209 785 3266 de
797 3210 888 3267 meme
897 3209 946 3264 dee
957 3217 1035 3282 ports
1047 3207 1083 3264 de
1093 3206 1221 3263 Rudent
1231 3216 1257 3261 et

193 3301 332 3356 Harlleur.

227 3388 266 3462 (a)
284 3389 362 3445 Nous
377 3409 413 3446 ne
426 3408 551 3464 pouvons
567 3389 698 3465 indiquer
710 3390 836 3465 l’epoque
848 3389 953 3461 pretise
965 3391 982 3442 t
993 3385 1113 3460 laquelle
1129 3383 1158 3440 le
1175 3386 1217 3440 roi
1230 3394 1257 3440 et

192 3496 242 3534 son
256 3479 298 3534 lils
311 3499 340 3536 se
353 3481 537 3537 brouillereut
548 3481 583 3537 de
595 3499 736 3550 nouveau,
752 3481 821 3536 maie
830 3499 862 3536 ce
875 3498 911 3535 ne
919 3488 972 3554 put
982 3479 1042 3534 ene
1055 3475 1257 3552 qu'apresl’ex·

192 3568 318 3640 pedition
330 3569 523 3627 malheureuse
535 3570 571 3626 de
585 3570 693 3627 llobert
704 3589 740 3626 en
758 3558 872 3637 Ecosse,
891 3569 940 3644 qni
953 3578 1002 3624 eut
1014 3567 1073 3623 lieu
1088 3584 1140 3640 par
1156 3565 1257 3621 l’ordoe

191 3658 226 3713 de
235 3660 396 3717 Guillaume
408 3662 476 3717 dans
488 3661 639 3718 l’automne
648 3662 683 3717 de
700 3662 774 3730 1080,
786 3671 815 3715 et
828 3661 876 3734 qui
889 3659 1014 3714 n’amena
1022 3658 1130 3713 d’autre
1142 3655 1257 3712 resultat

192 3765 246 3821 que
267 3749 292 3803 la
313 3753 435 3807 creation
458 3752 497 3806 du
518 3753 634 3808 cbdteau
657 3752 692 3807 de
715 3749 1071 3823 Newcastle-Upon·Tyne‚
1096 3747 1213 3821 D'apres
1231 3746 1256 3801 le

191 3839 289 3895 chiffre
301 3841 336 3896 de
348 3843 414 3917 cinq
425 3860 474 3897 ane
486 3845 594 3917 assigne
606 3843 668 3916 plus
679 3843 749 3897 haut
758 3860 808 3916 par
820 3850 901 3895 notre
910 3842 1032 3894 auteur&
1044 3838 1118 3893 l’nne
1130 3835 1181 3892 des
1191 3837 1256 3892 emi·
1268 3891 1270 3894 ,

192 3929 314 3999 grations
325 3930 360 3986 de
369 3931 490 4003 Robert,
503 3950 541 3987 on
554 3944 621 4006 peut
631 3951 763 4007 supposes
773 3949 828 4006 que
836 3949 867 3986 oe
879 3930 978 4005 prinee
986 3931 1077 4004 quitto
1086 3928 1122 3985 de
1130 3944 1255 3984 nousesu

191 4015 218 4069 la
231 4017 401 4076 Normandie
411 4040 472 4076 vers
488 4021 564 4077 1082.

225 4103 265 4175 (ὅ)
282 4105 407 4175 Albanio,
421 4111 654 4165 anterieurement
663 4120 754 4164 comte
764 4108 800 4162 de
811 4105 1078 4162 Nerthumberland.
1088 4105 1128 4160 Ce
1142 4121 1255 4178 person·

190 4211 268 4267 nege,
283 4196 350 4269 qu’il
362 4215 397 4252 ne
406 4199 466 4253 faut
478 4217 526 4273 pas
538 4199 690 4255 conlondre
699 4217 763 4254 avec
771 4198 884 4254 Alberic
895 4197 930 4253 de
939 4198 1007 4259 Ver,
1020 4197 1079 4270 tige
1090 4195 1140 4250 des
1149 4204 1252 4250 comtes

189 4280 335 4351 d'Oxlord‚
351 4296 391 4339 est
403 4285 458 4340 sort
472 4304 526 4357 pen
541 4305 640 4342 connu.
655 4289 680 4342 A
693 4286 819 4360 l’epoque
833 4286 868 4342 de
879 4284 905 4340 la
915 4285 1069 4341 conlection
1083 4283 1122 4338 du
1136 4283 1253 4341 Domes-
