2910 4980
573 366 690 430 LIBER
711 367 894 444 QUINTUS.
1211 367 1271 430 345

205 491 458 591 praedicatores
470 487 571 564 verbi
581 490 645 562 Dei
656 488 911 589 Augustinum,
924 486 1119 576 Mellitum,
1133 485 1271 561 lohan-

205 634 290 684 nem
300 662 312 699 ,
334 608 493 709 aliosque
510 605 631 706 plures
650 604 845 681 monachos
863 605 1031 679 timentes
1049 603 1186 696 Deunn
1206 629 1271 703 per

203 753 297 828 quos
311 727 354 799 ad
369 724 553 798 Christum
571 721 677 825 Angli
693 722 855 799 conversi
876 737 975 797 sunt.
997 723 1040 795 ln
1057 718 1156 793 ltalia
1171 721 1271 793 Lan-

203 842 373 944 gobardis
395 840 564 915 Autarith
593 841 760 941 Gloponis
786 840 881 915 filius
907 855 943 914 et
963 844 1046 942 Ago
1070 838 1269 940 agilulfus,

205 987 289 1032 cum
298 957 517 1034 Teodelinda
527 956 694 1031 laudabili
703 963 839 1059 regina,
852 956 1091 1057 praefuerunt.
1103 959 1145 1030 ln
1157 955 1273 1031 Neus-

203 1078 273 1150 tria
297 1091 365 1149 x11⁰
383 1102 480 1152 anno
499 1073 698 1149 Hildeberti
722 1076 814 1176 regis
834 1090 976 1148 sanctus
993 1072 1169 1148 Ebrulfus
1187 1073 1271 1146 Uti-

202 1193 317 1268 censis
329 1191 437 1266 abbas
444 1193 778 1293 jamoctogenarius
790 1208 841 1266 1v⁰
851 1192 1089 1292 kaljanuarii
1099 1189 1216 1289 obiit(
1240 1191 1268 1288 ).

201 1313 271 1386 Per
284 1312 379 1386 idem
391 1327 531 1411 tempus
543 1310 749 1386 Cassinense
760 1311 1019 1386 monasterium
1032 1338 1050 1383 a
1064 1306 1270 1409 Langobar-

200 1425 256 1500 dis
277 1442 391 1502 noctu
410 1427 571 1499 invasum
588 1441 659 1515 est,
684 1443 721 1500 et
735 1426 866 1528 fugatis
882 1424 1086 1514 monachis,
1106 1441 1269 1524 tempore

199 1544 324 1620 Boniti
335 1545 455 1646 quinti
463 1541 615 1632 abbatis,
624 1542 845 1617 destructum
856 1559 922 1618 est.
934 1542 1160 1630 Benedictus,
1174 1541 1271 1615 Con·

199 1663 401 1749 stantinus,
429 1661 654 1761 Simplicius,
677 1661 805 1735 Vitalis
830 1678 866 1736 et
887 1663 1039 1736 Bonitus
1060 1662 1177 1736 eidem
1196 1684 1270 1732 coe·

199 1775 314 1853 nobio
325 1780 401 1876 jam
417 1777 651 1877 praefuerant.
668 1771 828 1853 Cosdrue
843 1804 908 1852 rex
925 1779 1114 1853 Persarum
1130 1778 1270 1878 gravis-

198 1896 287 1968 sime
300 1893 561 1994 rempublicam
571 1893 675 1968 bellis
686 1896 841 1985 attrivit,
854 1911 892 1970 et
902 1911 1061 1969 sanctam
1072 1893 1270 1995 Ecclesiam

199 2008 376 2084 incendiis
402 2027 439 2084 et
464 2011 599 2110 rapinis
625 2038 666 2083 ac
690 2010 848 2085 caedibus
873 2011 1104 2087 vehementer
1127 2010 1264 2083 afflixit.

200 2126 405 2200 Anastasius
416 2127 522 2199 Parsa
534 2126 730 2200 monachus
741 2154 825 2200 cum
838 2127 916 2201 aliis
925 2154 995 2202 Lxx
1007 2129 1166 2229 glorioso
1176 2154 1268 2200 mar·

199 2241 300 2342 tyrio
320 2255 514 2315 coronatus
531 2256 597 2316 est.
617 2242 800 2315 Heraclius
817 2243 938 2316 Persas
955 2244 1062 2333 vicit,
1081 2241 1265 2317 Cosdroe'n

148 2371 150 2374 ’
199 2354 354 2442 occidit,
384 2381 528 2428 crucem
552 2355 699 2429 Domini
725 2357 958 2459 lerosolymis
988 2357 1203 2457 reportavit,
1229 2371 1265 2430 et

197 2498 325 2547 omnes
343 2470 565 2547 Christianos
578 2472 623 2547 de
639 2476 844 2573 captivitate
860 2473 1018 2548 reduxit.

200 2662 241 2716 ¹9·
337 2643 453 2699 Sanctus
463 2642 621 2711 Romanus,
634 2644 765 2720 preclaro
777 2644 879 2701 nobilis
890 2655 967 2714 actu,

339 2731 463 2786 Moribus
476 2732 604 2800 emicuit,
618 2733 687 2787 sacri
698 2751 809 2807 quoque
821 2734 927 2789 lumine
940 2733 1016 2789 verbi
1027 2736 1074 2805 (a).

192 2883 264 2956 Hic
278 2907 348 2957 x111
364 2887 481 2973 annis,
498 2900 662 2985 tempore
674 2887 849 2975 Honorii,
865 2888 1027 2961 Severini
1043 2905 1077 2962 et
1089 2886 1264 2962 lobannis

190 3023 382 3098 paparum,
401 3000 567 3074 Heraclio
579 3019 765 3102 regnante,
781 3003 963 3076 miraculis
975 3005 1187 3093 coruscavit,
1202 3004 1264 3077 de·

191 3118 363 3218 cimoque
372 3118 444 3191 kal.
456 3117 665 3193 novembris
674 3120 719 3192 ad
730 3117 929 3193 Dominum
940 3120 1095 3221 gloriose
1105 3121 1259 3192 transiit.

190 3234 302 3306 Tunc
318 3235 357 3307 in
369 3232 483 3308 Gallia
498 3233 691 3309 Christiani
704 3237 885 3337 principes
897 3237 1064 3340 vigebant
1079 3235 1263 3338 Dagober-

190 3365 253 3424 tus
284 3367 322 3424 et
354 3351 554 3427 lodoveus.
588 3357 631 3428 ln
659 3354 787 3455 Anglia
817 3354 986 3428 Osvaldus
998 3410 1009 3444 ,
1041 3357 1194 3429 Osvinus
1226 3372 1262 3429 et

189 3467 334 3541 Osvius.
350 3470 391 3542 lu
406 3470 506 3544 ltalia
519 3471 715 3573 Agilulfus,
730 3471 957 3562 Adaloaldus,
974 3471 1176 3562 Arioaldus,
1190 3472 1261 3547 Ro-

190 3584 304 3657 tarith
321 3600 357 3658 et
373 3587 590 3662 Rodoaldus.
606 3588 776 3662 Arioaldo
788 3606 961 3690 regnante
978 3589 1100 3664 beatus
1112 3589 1261 3664 Colum-

225 3869 267 3938 (ι)
286 3866 365 3921 Saint
379 3856 493 3923 Evroult
511 3880 625 3924 mourut
640 3870 666 3925 le
683 3871 717 3926 28
730 3871 877 3928 decembre
895 3872 962 3948 596,
976 3886 1005 3930 et
1021 3893 1072 3948 par
1090 3879 1259 3951 consequent

191 3957 262 4010 dans
272 3955 300 4010 la
313 3957 476 4030 vingtieme,
490 3969 518 4014 et
527 3979 583 4014 non
599 3979 646 4033 pas
662 3960 687 4015 la
696 3961 839 4018 douzitme
850 3966 937 4019 annde
951 3964 990 4018 du
1000 3967 1084 4038 regne
1093 3965 1129 4020 de
1142 3965 1258 4025 Childe-

193 4048 269 4114 licrt,
285 4047 327 4100 roi
341 4045 517 4102 d'Austrasie.

227 4141 266 4207 (a)
286 4137 333 4192 On
348 4141 418 4194 croit
429 4159 483 4211 que
494 4141 565 4194 saint
578 4140 697 4195 Romaiu
711 4153 825 4196 mourut
835 4141 861 4196 le
872 4141 905 4196 23
919 4143 1066 4198 novembre
1075 4141 1136 4199 638.
