2910 4980
143 513 237 587 [cuci
252 509 443 587 roso-roso]
511 508 628 568 tiens
649 507 827 569 Turnus.
1165 511 1205 570 ss

145 646 217 705 tem
236 631 293 729 (1)
310 632 497 729 pugnavit.
513 630 621 705 Victo
637 646 755 703 nutem
768 631 966 703 Willermo
988 647 1024 701 et
1046 628 1207 731 fugiente

144 772 229 819 cum
239 732 313 818 suis
325 745 479 820 Geroius
491 749 609 834 stetit3
621 746 850 847 bellumque,
862 746 976 820 donec
989 745 1216 819 Herbertum-

146 889 230 936 cum
243 862 414 937 omnibus
425 863 496 935 suis
508 864 545 935 in
555 862 674 964 fugam
688 879 844 962 cogeret,
854 863 1009 934 viriliter
1022 863 1207 950 sustinuit3

144 981 405 1081 victoriamque
422 997 547 1054 nactus
565 1006 677 1083 usque
694 980 801 1053 bodie
816 979 861 1052 ab
877 979 950 1067 his,
964 980 1026 1079 qui
1045 996 1206 1067 norunt,

144 1096 281 1169 laudari
306 1097 524 1196 promeruit.
548 1098 640 1169 Huic
662 1096 809 1196 quidam
828 1095 1125 1170 Normannorum
1143 1120 1209 1192 po·

144 1213 335 1286 tensmiles
347 1214 496 1288 nomine
505 1214 618 1313 Helgo
629 1214 686 1312 (2)
697 1215 840 1287 unicam
852 1213 963 1285 filiam
975 1239 1073 1284 sunm
1085 1213 1122 1283 in
1136 1238 1211 1283 ma-

146 1330 361 1402 trimonium
378 1327 532 1419 obtulit,
548 1346 585 1404 et
600 1331 898 1404 Monasteriolum
914 1356 954 1402 nc
973 1329 1206 1417 Escalloium‚

145 1461 332 1546 totamque
344 1463 477 1520 terram
486 1474 587 1520 suam
599 1449 653 1521 bis
664 1447 805 1522 duobus
814 1447 955 1547 oppidis
966 1445 1209 1545 subjacentem

141 1562 303 1637 donarit.
317 1565 381 1638 Ille
392 1590 492 1654 vero,
506 1562 667 1667 Helgone
676 1565 785 1665 paulo
794 1581 877 1666 post
888 1561 1076 1652 defuncto,
1089 1577 1210 1634 totum

143 1678 320 1754 honorem
342 1685 416 1781 ejus
437 1681 611 1781 possedit3
629 1698 665 1756 et
681 1685 802 1783 virgo,
821 1709 903 1783 quae
922 1680 1061 1754 firmata
1077 1679 1108 1751 ei
1129 1678 1210 1751 fue·

140 1812 217 1883 rat,
250 1794 441 1868 immatura
468 1814 588 1871 morte
611 1813 794 1896 praevents
819 1812 902 1869 ante
926 1796 1072 1894 nuptias
1101 1793 1208 1866 obiit.

141 1910 283 1986 Deinde
296 1912 511 1985 Willermus
527 1914 762 1988 Belesmensis
775 1913 951 1987 Geroium
968 1912 1210 2008 Rotomagum

143 2027 187 2098 ad
203 2027 397 2100 Ricardum
410 2028 538 2102 ducem
556 2030 790 2102 Normanniae
806 2028 973 2118 adduxit3
990 2052 1098 2126 quem
1115 2024 1211 2098 libe-

144 2141 228 2213 ralis
249 2143 322 2214 dux
341 2144 460 2242 agnita
485 2145 619 2218 virtute
638 2149 712 2244 ejus
735 2142 946 2231 honoravit,
971 2143 1075 2242 eique
1096 2155 1212 2213 totam

144 2276 278 2333 terram
294 2261 471 2360 Helgonis
494 2261 722 2335 baereditario
741 2265 824 2360 jure
846 2259 1033 2333 concessit.
1058 2257 1211 2331 Geroius

145 2393 265 2449 antem
279 2374 363 2451 inde
378 2375 519 2450 rediens
532 2379 666 2452 Gislam
680 2378 845 2450 Turstini
863 2376 906 2449 de
921 2374 1142 2473 Basteburgo
1152 2373 1208 2471 (ὅ)

144 2492 255 2564 filiam
283 2494 320 2565 in
348 2495 517 2594 conjugio
542 2496 698 2594 accepit,
727 2521 865 2595 exque
893 2510 1028 2592 septem
1054 2491 1147 2564 filios
1175 2507 1212 2564 et

143 2626 300 2708 quatuor
314 2611 403 2684 filias
419 2613 564 2710 genuit,
580 2638 736 2712 quorum
752 2613 900 2684 nomina
914 2626 1000 2681 sunt
1018 2607 1094 2681 baec
1111 2637 1120 2678 ε
1136 2608 1211 2679 Er-

144 2727 292 2815 ualdus,
306 2728 541 2818 Willermus,
556 2730 745 2816 Fulcoius,
765 2728 939 2801 Radulfus
954 2727 1210 2815 Malaeoronn,

144 2840 368 2932 Rodbertus,
388 2846 496 2945 Hugo
513 2860 550 2919 et
566 2845 719 2921 Geroius
728 2876 740 2936 ς
760 2844 1031 2943 Heremburgis,
1045 2842 1209 2930 Hadvisa,

144 2959 291 3050 Emmr,
310 2958 466 3034 Adelsis.

195 3074 296 3171 Saepe
310 3076 519 3148 nominatus
532 3075 650 3165 beros,
665 3102 883 3177 quamquam
895 3076 998 3176 prole
1013 3090 1049 3149 et
1061 3074 1210 3161 divitiis,

145 3187 344 3287 amplisque
371 3191 650 3288 possessionibus
675 3193 710 3264 in
736 3193 804 3266 lroc
826 3191 964 3265 mundo
987 3190 1213 3263 abundanter

144 3302 332 3391 floruerit,
353 3309 469 3378 Deum
490 3323 628 3394 tamen,
650 3310 712 3408 qui
731 3309 851 3381 omnia
871 3322 1039 3407 praestat,
1059 3305 1212 3378 fideliter

179 3632 218 3699 (ι)
230 3632 576 3704 Herbert1“‚surnomme
592 3626 816 3705 Eveille·Chien‚
833 3648 924 3692 comte
937 3637 976 3691 du
990 3639 1083 3692 Maine
1097 3637 1132 3692 de
1148 3637 1214 3693 1015

145 3721 160 3770 ‘a
176 3715 253 3773 1056.

180 3807 220 3876 (2)
238 3806 311 3862 C’est
333 3808 368 3865 de
380 3829 410 3866 oe
423 3813 553 3884 seigneur
565 3815 629 3886 qu'a
646 3816 704 3887 pris
720 3833 770 3868 sou
784 3832 849 3868 nom
862 3814 953 3870 actuel
968 3817 992 3870 la
1010 3833 1159 3870 commune
1179 3818 1214 3871 de

144 3892 282 3965 Heugou,
299 3896 386 3985 situee
399 3910 478 3956 entre
491 3918 532 3955 ses
545 3902 618 3957 deux
629 3903 793 3975 principans
804 3901 946 3959 domnines
959 3927 965 3958 ε
978 3903 1131 3958 Mouneuil
1143 3904 1214 3958 l’Ar-

148 3982 240 4054 gillier
253 3996 284 4040 et
293 3986 460 4045 Echaulour.

181 4070 220 4144 (ὅ)
240 4075 356 4132 Turstin
376 4077 411 4134 de
433 4081 632 4156 Bastembourg
653 4093 695 4138 est
716 4086 845 4157 presente
863 4101 913 4157 par
932 4084 971 4139 les
984 4084 1134 4140 historiens
1147 4104 1214 4140 uor-

146 4161 244 4216 mands
264 4182 372 4221 connne
395 4167 422 4221 ln
441 4169 544 4225 souche
566 4171 616 4226 des
627 4171 700 4227 deux
717 4173 811 4228 nobles
824 4172 942 4229 samilles
954 4173 1003 4230 des
1021 4174 1156 4230 Bertrsnd
1176 4175 1212 4229 de

145 4247 301 4323 Briquebec
313 4264 343 4310 et
354 4254 403 4312 des
416 4258 560 4331 seignenrs
572 4259 608 4318 de
619 4260 917 4319 Montiort-snr-Risle.
