2910 4980
189 390 297 468 [1⁰75]
551 382 669 445 1.le
690 383 882 461 QUARTUS.
1194 388 1255 449 239

190 508 386 608 diligentia
401 521 435 578 et
445 504 632 579 honestate
634 505 713 598 fiat
719 538 736 591 ‚·
753 508 804 578 ita
818 523 857 577 ut
874 506 1013 577 interim
1028 505 1116 578 dum
1131 506 1256 581 distri-

193 625 353 713 buerint,
373 623 468 696 cibis
487 625 561 696 sint
577 622 716 712 induti,
739 639 775 695 et
795 620 940 703 talibus
951 623 1115 696 vasculis
1135 623 1256 696 distri·

193 740 341 829 buatur,
364 756 404 811 ut
417 738 511 811 nibil
526 737 613 811 inde
627 737 758 838 aliqua
773 736 998 839 negligentia
1007 718 1149 838 pentat.

240 856 334 927 Iteru
354 868 528 927 statutum
552 868 606 925 est
629 868 668 925 ut
687 852 811 925 nulius
834 854 985 927 missam
1004 852 1171 946 celebret,
1196 865 1260 955 qui

193 1000 264 1047 non
278 988 530 1046 communicet.

241 1090 335 1162 Item
342 1088 466 1161 nuilus
475 1082 647 1160 sacerdos
657 1086 813 1188 baptizet
824 1083 1013 1184 irffantem,
1028 1090 1099 1160 nisi
1104 1088 1258 1186 jejunus

194 1222 229 1279 et
247 1205 398 1278 indutus
414 1204 504 1278 alba
520 1221 555 1276 et
574 1204 692 1291 stola,
715 1204 791 1277 nisi
806 1207 1028 1301 neopssitate.
1086 1230 1104 1277 ς·

242 1320 337 1393 Item
356 1335 441 1393 sunt
450 1317 633 1415 ‘'quidam,
657 1323 720 1419 qui
739 1312 914 1421 uiQicum
938 1304 1130 1419 conquam
1148 1319 1261 1397 bene.-

196 1438 335 1511 dictam
352 1435 448 1509 ultra
464 1453 626 1509 octavum
645 1435 742 1508 diem
758 1426 1143 1543 resereantssuqbodct
1157 1436 1262 1509 dam-

196 1570 324 1628 natum
333 1568 401 1627 est.
418 1553 500 1625 Alii
512 1578 598 1626 vcro
610 1578 690 1627 non.
699 1534 870 1627 babentes
881 1551 1019 1627 bestias
1031 1546 1262 1651 borisecmtas

199 1675 325 1747 itonam
340 1668 575 1758 eor'tsocrrtttit,⁸
594 1668 693 1770 quod
707 1670 911 1743 terribiliter
927 1671 1158 1747 intersticium
1172 1689 1235 1744 cst.

244 1788 342 1863 Item
357 1787 496 1863 donam
508 1788 630 1862 sancti
646 1784 807 1888 Spiritus
820 1804 859 1859 ut
871 1813 944 1858 non
960 1786 1068 1859 detur
1078 1772 1155 1861 nisi
1164 1790 1266 1889 jeju-

199 1908 351 1983 nis'eta
359 1908 503 2009 jejunis
510 1963 524 1997 ,
542 1930 657 2006 neque
673 1909 757 2004 ipsa
772 1904 1001 2006 confimzatio
1023 1904 1163 2004 absque
1180 1909 1267 2013 igne

174 2024 286 2119 fiat,
299 2040 475 2097 suturam
488 2040 553 2096 est.
573 2025 658 2097 Hac
670 2020 965 2101 etiarn'siaiuium
978 2012 1268 2109 estmiridan-

200 2140 387 2215 dis'sacris
398 2139 586 2213 ordinibus
599 2139 814 2242 apostolicae
827 2140 1055 2217 auctoritatis
1069 2124 1268 2217 usblatores

202 2259 439 2333 inveniamur.
464 2258 617 2358 legitur
634 2262 730 2331 enim
749 2261 788 2328 in
812 2250 980 2331 Decretis
994 2258 1122 2330 leonis
1147 2258 1269 2358 Papa'

203 2376 305 2478 quoti
317 2402 392 2449 non
400 2378 547 2480 passim
562 2375 692 2451 diebus
709 2374 879 2451 omnibus
897 2376 998 2447 sacri
1012 2374 1159 2448 ordines
1177 2377 1233 2449 cel
1256 2418 1268 2431 ·

203 2494 349 2587 bruiitur
357 2527 375 2581 ,·
393 2494 461 2566 sed
470 2511 560 2597 post
580 2493 677 2565 diem
693 2490 856 2576 sabbati,
874 2495 916 2563 in
928 2494 1008 2591 q'us
1023 2493 1141 2567 noctis
1159 2517 1269 2593 eaor-

203 2610 267 2684 tio
281 2635 366 2710 qna
377 2614 416 2681 in
422 2598 550 2745 piima
562 2608 711 2683 sabbati
723 2609 872 2695 ,lucescit
881 2604 1020 2709 iiii-qui
1031 2594 1271 2681 consecrandi

203 2742 304 2815 sunt,
315 2718 458 2828 jejunis
476 2753 501 2798 a
513 2722 771 2827 jejunantibus
788 2749 898 2796 sacra
919 2716 1121 2797 ben'bdictio
1141 2726 1269 2821 conse-

204 2860 318 2919 ratur.
343 2844 454 2943 Quod
469 2845 631 2946 ejusdem
648 2842 886 2921 obseruantia
902 2845 986 2931 erit,
1010 2845 1046 2914 si
1066 2869 1175 2915 mane
1192 2844 1271 2944 ipso

205 2959 393 3034 dominico
402 2960 482 3051 die,
493 2963 709 3035 continuato
723 2957 869 3031 sabbati
876 2960 1043 3059 jejunio,
1060 2958 1269 3032 celebretur.

206 3079 244 3149 A
250 3102 325 3179 quo
337 3092 492 3178 tempore
492 3076 689 3178 praeceden
694 3080 737 3148 tis
746 3077 861 3148 noctis
871 3077 1016 3147 initium
1025 3102 1099 3148 non
1113 3077 1249 3149 recedit
1256 3112 1271 3161 ;

208 3190 378 3303 qwdod
392 3193 811 3309 ἅὴιᾙὲειιννᾳὶοηίᾶ,
832 3196 927 3265 sicut
942 3198 1049 3266 etiarn
1070 3197 1107 3264 in
1123 3194 1273 3266 Pascirn

207 3309 361 3385 Domini
375 3296 598 3400 decianam,
615 3276 794 3414 peiiinere
810 3337 882 3384 non
900 3311 1053 3382 dubium
1069 3328 1133 3382 est.

255 3426 350 3499 Item
361 3442 521 3527 quantor
530 3428 747 3528 Tempoium
757 3425 954 3499 observatio
967 3427 1181 3527 competenti
1191 3444 1275 3498 tern-

206 3569 295 3643 pore
316 3543 514 3616 secundum
535 3544 697 3631 divinam
720 3545 983 3617 institutionem
1004 3545 1188 3614 communi
1209 3544 1276 3614 oh.

211 3663 393 3737 servantia
411 3687 436 3733 a
452 3662 557 3737 nobis
574 3679 755 3737 servetur:
777 3662 818 3734 ici
834 3678 887 3734 est
899 3661 1024 3763 prima
1044 3657 1276 3733 bebdomada

213 3779 355 3865 martii,
379 3777 542 3851 secundo
548 3766 668 3882 junii,
694 3780 799 3853 tertia
815 3776 1043 3881 septembris,
1065 3775 1195 3848 eadem
1211 3778 1277 3850 rie-

214 3893 364 3967 cembris
373 3948 384 3981 ‚
405 3895 450 3968 ob
467 3898 699 3969 reverentiam
711 3897 919 3970 Dominicae
935 3895 1160 3968 Natiuitatis.
1174 3895 1278 3967 Indi-

214 4036 327 4104 gnum
339 4014 435 4083 enirn
446 4013 557 4085 valde
570 4030 622 4085 est
635 4030 673 4085 ut
686 4029 892 4086 sanctorum
907 4013 1081 4091 irutitutio
1092 4010 1277 4109 aliquibus

217 4127 513 4223 occupationibus
524 4128 586 4200 oei
596 4129 781 4202 mundiali
788 4128 1036 4202 sollicitudine
1048 4126 1277 4200 destituatur.
