2910 4980
196 395 256 457 138
471 389 657 452 HISTORIA
677 386 984 451 Eccffsllstlcl.
1081 389 1270 473 [tw-1031]

195 509 427 584 invisibiliter
448 535 653 609 percussum
676 510 785 583 tertio
801 523 967 596 veranus,
986 505 1162 581 divinitus
1184 525 1270 583 tan·

194 629 278 704 dem
306 627 478 728 impulsus
503 628 664 718 corruit,
682 642 718 700 et
733 626 915 728 sanguinis
933 624 1123 726 coagulum
1141 625 1270 703 abore

194 745 368 819 evomuit.
401 745 487 819 Post
512 743 656 818 missam
682 745 783 842 jussu
811 743 988 843 Sigemani
1017 741 1141 815 aeditui
1170 741 1269 818 foras

195 875 396 960 asportatus
432 876 508 954 est,
545 876 581 935 et
616 860 654 934 in
682 861 879 936 crastiuum
906 860 1044 933 meritis
1075 860 1114 932 S.
1136 859 1267 935 Judoci

194 1005 317 1052 sanam
335 993 494 1054 mentem
511 979 659 1078 recepit.
682 980 761 1054 Hoc
784 994 947 1079 tempore
964 978 1126 1078 lingonis
1143 978 1265 1077 Magni

195 1094 360 1192 contigit.

242 1209 377 1285 Eadem
393 1209 451 1285 die
468 1211 680 1286 Ostrebildis
699 1209 831 1284 mulier
851 1209 1018 1311 quaedam
1041 1207 1161 1309 egredi
1183 1225 1268 1308 poet

193 1325 337 1399 missam
352 1326 396 1400 de
412 1324 558 1403 basilica
575 1324 791 1415 conabatur,
808 1325 869 1399 sed
886 1326 935 1397 ita
951 1326 988 1397 in
1006 1325 1132 1397 limine
1142 1327 1266 1422 januae

193 1439 325 1540 pedum
338 1447 412 1542 ejus
424 1443 558 1543 plantae
572 1431 766 1530 haeserunt,
779 1457 822 1514 ut
832 1441 1037 1515 nullatenus
1047 1468 1066 1513 a
1078 1464 1265 1540 quoquam

192 1560 315 1633 divelli
334 1577 473 1660 posset,
497 1577 532 1635 et
549 1562 602 1635 nil
619 1561 724 1650 mali,
744 1560 812 1632 nisi
830 1559 965 1660 quoda
983 1556 1134 1658 genibus
1152 1583 1267 1658 usque

191 1676 352 1774 plantam
370 1677 468 1776 pedis
486 1679 640 1750 nimium
657 1678 771 1778 frigus
787 1675 977 1751 sentiebat.
995 1678 1037 1749 ln
1052 1676 1211 1749 crastino
1229 1701 1265 1750 se

191 1793 269 1865 Deo
280 1793 512 1870 etS.Judoco
523 1795 691 1867 ancillam
702 1793 860 1883 devovit,
873 1793 1064 1893 statimque
1075 1807 1196 1866 sanata
1207 1791 1265 1891 pie

191 1923 276 1982 vota
293 1911 501 2009 complevit.

242 2025 272 2097 A
291 2026 476 2101 veracibus
499 2029 586 2101 viris
613 2027 801 2102 Adelelmo
826 2041 863 2101 et
885 2025 1056 2101 Rieherio
1084 2022 1264 2100 monaebo

192 2161 362 2216 narratur
383 2143 496 2245 quod,
522 2143 654 2217 duma
678 2142 861 2243 Stephano
883 2144 1047 2243 reliquiae
1072 2142 1109 2216 S.
1135 2141 1263 2216 Judoei

191 2286 260 2360 pro
274 2262 545 2337 constructione
556 2258 711 2334 basilicae
724 2260 769 2333 ad
781 2260 1041 2334 monasterium
1053 2260 1093 2332 S.
1104 2257 1264 2331 Richarii

75 2416 81 2429 ·
191 2376 435 2466 deferrentur,
446 2378 581 2477 inclyta
590 2376 794 2450 Bertsendis
799 2381 873 2476 jam
883 2373 1097 2449 nubilisfilia
1106 2373 1264 2448 Alsindis

191 2496 355 2595 passione
370 2522 500 2569 renum
516 2522 629 2596 usque
639 2494 682 2567 ad
692 2495 797 2595 pedes
810 2522 876 2595 per
891 2493 1080 2569 biennium
1091 2494 1201 2566 nimis
1211 2508 1264 2568 est

192 2628 433 2713 praegravata,
460 2613 508 2685 ita
531 2628 572 2685 ut
595 2640 773 2714 nusquam
797 2614 869 2703 ire,
890 2639 958 2687 nec
981 2614 1090 2687 etiam
1115 2635 1264 2687 movete

193 2729 270 2802 sine
284 2726 405 2829 bajulo
422 2757 496 2805 sese
511 2746 643 2829 posset.
661 2732 749 2802 Fusa
763 2752 848 2804 vero
862 2756 967 2829 prece
983 2756 1066 2802 cum
1080 2726 1151 2803 fide
1162 2755 1183 2802 a
1194 2754 1265 2801 ma·

194 2858 250 2918 tre
271 2864 308 2919 et
329 2847 401 2920 filia
418 2864 502 2921 ante
519 2848 686 2948 reliquias
704 2848 741 2919 S.
762 2847 1008 2934 Confessoris,
1033 2874 1126 2947 aegra
1143 2863 1264 2921 sanata

192 2977 264 3051 est,
282 2977 320 3036 et
335 2980 450 3037 mater
467 2966 541 3036 visa
557 2963 641 3037 filiae
660 2965 829 3065 sospitate
846 2964 1040 3041 admodum
1057 2966 1176 3066 gavisa
1187 2980 1262 3055 est,

193 3095 231 3153 et
248 3081 398 3178 pallium
413 3083 611 3181 pretiosum
628 3083 742 3156 veloci
758 3082 937 3157 archiatro
954 3084 1079 3183 largita
1097 3098 1164 3157 est.

242 3195 448 3271 Rodbertus
463 3198 624 3298 quidam,
642 3199 729 3273 dum
749 3200 897 3274 meridie
914 3201 1010 3277 solus
1025 3201 1093 3275 iter
1108 3199 1261 3289 faceret,

193 3315 270 3391 viso
287 3314 417 3414 spiritu
434 3317 568 3390 erroris
587 3317 626 3389 in
640 3318 757 3416 specie
773 3315 932 3393 bominis
952 3318 1096 3417 penitus
1113 3331 1264 3390 caeeatus

194 3451 260 3511 est.
280 3434 350 3529 Qui
367 3453 451 3535 post
466 3436 616 3537 longum
634 3451 775 3535 tempus
792 3436 827 3508 S.
843 3435 1023 3509 Judocum
1036 3435 1209 3534 expetiit,
1228 3450 1266 3509 et

193 3581 231 3629 se
252 3580 374 3630 coram
387 3554 548 3629 Widone
569 3553 697 3629 abbate
720 3581 864 3630 servum
887 3551 1106 3628 contradidit
1112 3582 1124 3641 3
1152 3554 1266 3627 inuu-

195 3670 303 3746 dante
317 3670 364 3745 ab
380 3672 495 3746 oculis
511 3676 584 3773 ejus
602 3673 775 3774 sanguine
787 3673 865 3772 ipso
882 3671 940 3746 die
960 3669 1083 3744 lumen
1103 3670 1263 3769 recepit,

196 3788 288 3862 etad
298 3814 459 3889 vesperas
471 3787 667 3866 monachos
677 3792 714 3864 in
725 3791 877 3864 scamnis
887 3788 1081 3863 residentes
1092 3785 1266 3862 sevidisse

196 3905 315 4006 palam
330 3908 493 3983 asseruit.

248 4020 395 4102 “dinato
416 4025 659 4103 lothariensis
681 4025 869 4127 presbyter
893 4053 957 4126 per
981 4049 1030 4097 vu
1052 4023 1129 4097 lere
1152 4047 1264 4095 annos

390 4170 472 4223 uum
495 4162 532 4221 et
560 4143 693 4246 pedum
721 4144 929 4220 infirmitate
953 4143 1159 4220 debilitatus
1188 4155 1261 4229 θεὶς
