2910 4980
190 411 250 472 an
462 409 648 471 nrsroau
668 407 973 470 nccrmusrlcs.
1046 410 1254 489 [son-10⁷⁷]

239 534 336 605 Dum
356 554 420 602 rex
442 527 654 603 Guillelmus
679 531 717 601 in
739 529 903 603 Neustria
925 528 1168 620 consisteret,
1184 543 1253 602 ter-

190 659 340 748 ramque
356 672 457 720 suam
473 672 556 720 cum
567 647 632 719 Dei
649 646 783 719 auxilio
801 660 927 720 contra
946 670 1071 718 omnes
1086 643 1254 718 adversa-

191 768 266 840 rios
286 770 437 855 tutaret,
454 764 623 866 praesules
642 765 845 865 Anglorum
867 762 1088 836 Laufrancus
1104 758 1257 839 Contul-

136 908 137 914 ¹
193 884 319 957 niensis
343 899 380 956 et
400 879 557 954 Thomas
578 880 812 955 Eboracensis
831 895 940 982 atque
964 880 1146 981 Remigius
1172 880 1257 954 Lin-

193 998 358 1073 coliensis
387 1001 540 1071 Romam
568 996 755 1083 abierunt,
788 1012 824 1071 et
857 1024 876 1068 a
911 996 1048 1070 domno
1077 997 1257 1099 Gregorio

194 1128 301 1217 papa,
325 1131 521 1216 senatuque
537 1116 701 1190 Romano
723 1113 1086 1190 honorificentissime
1103 1116 1257 1214 suscepti

192 1250 278 1307 sunt
293 1234 363 1332 (1).
381 1234 434 1306 De
445 1231 578 1305 divitiis
592 1232 753 1333 Anglicis
767 1233 861 1332 larga
873 1257 1023 1306 munera
1036 1231 1175 1331 cupidis
1189 1233 1258 1307 Ro·

193 1352 307 1425 manis
321 1349 479 1425 ubertim
492 1348 688 1440 dederuut,
701 1375 834 1449 suaque
847 1347 898 1421 sic
910 1348 1086 1448 largitate,
1106 1374 1192 1421 cum
1207 1347 1259 1423 fa-

194 1465 344 1555 cundia,
363 1466 577 1566 geminaque
590 1465 736 1539 scientia
751 1463 933 1538 mirabiles
946 1465 1056 1536 Latiis
1070 1464 1257 1537 visisunt.

195 1584 406 1684 Legptiones
425 1581 610 1655 Guillelmi
636 1582 749 1681 regis,
770 1606 858 1682 quas
877 1572 1053 1655 aulistites
1071 1578 1149 1678 jam
1172 1578 1260 1652 dicti

195 1725 279 1772 cum
294 1696 506 1771 muneribus
524 1695 749 1786 detulerunt,
768 1722 857 1795 papa
873 1695 1060 1796 clerusque
1076 1698 1261 1772 Romanus

195 1815 456 1916 gratantissime
478 1827 715 1912 sumperunt,
739 1827 777 1884 et
799 1811 988 1911 privilegia
1003 1838 1086 1912 quae
1112 1838 1179 1912 per
1201 1837 1261 1886 sos

197 1935 372 2034 petierat,
395 1928 677 2005 antecessoribus
693 1930 766 2002 suis
791 1930 880 2002 olim
902 1954 1083 2017 concessa,
1103 1927 1263 2004 libenter

195 2063 414 2123 annuerunt.

244 2164 1049 2252 Annoabincarnatiouellomiuirr'nxx0v1r,
1061 2161 1262 2237 indictione

197 2296 261 2357 xv·
283 2283 422 2384 praefati
442 2283 630 2382 pontifices
653 2284 818 2357 alacriter
843 2285 956 2356 Roma
983 2274 1172 2354 redieruut
1186 2283 1260 2378 (a),

199 2402 237 2472 in
258 2426 417 2502 qnorum
435 2401 591 2473 adventu
606 2426 669 2473 rex
687 2415 724 2473 et
740 2425 865 2473 omnes
882 2398 1060 2498 iudigeuae
1076 2395 1263 2470 Rorman-

198 2520 269 2592 nici
297 2517 486 2620 magnifice
510 2517 620 2590 laetati
642 2534 739 2590 sunt.
768 2518 875 2589 Tunc
895 2514 1050 2588 busilicae
1073 2513 1199 2613 plures
1225 2514 1263 2585 in

199 2838 294 2891 charte
306 2837 341 2892 de
349 2837 492 2892 fondation
501 2839 611 2905 (Gallia
625 2838 793 2903 Christiana,
803 2842 930 2893 instrum.
943 2840 1039 2893 eccles.
1049 2837 1160 2912 Boion,
1173 2858 1197 2894 c.
1208 2838 1263 2912 δι.)

200 2923 224 2977 ll
236 2923 295 2977 saut
307 2923 379 2978 douc
392 2937 487 2997 portes
505 2928 520 2978 a
533 2926 655 2980 soixante
668 2937 698 2981 et
711 2945 766 2981 une
778 2925 817 2981 les
830 2929 931 2981 ennoea
943 2924 979 2980 de
991 2944 1041 2981 sou
1054 2926 1147 2998 sejour
1159 2926 1229 2983 daus
1240 2928 1265 2981 le

198 3010 309 3078 clobre,
325 3022 354 3066 et
366 3011 506 3067 reduireh
521 3023 582 3086 sept
596 3013 677 3068 celles
688 3012 723 3069 de
736 3031 787 3069 sou
800 3013 1035 3069 administration.

233 3099 272 3171 (r)
291 3100 328 3154 be
342 3118 444 3174 voyage
456 3098 491 3154 de
510 3120 555 3155 ces
567 3102 637 3157 trois
650 3105 778 3174 prelata'a
792 3102 881 3158 Rome
897 3103 974 3157 u’eut
991 3103 1071 3176 point
1088 3102 1146 3157 lieu
1163 3118 1227 3158 sous
1239 3100 1265 3157 le

200 3189 343 3262 pontificat
353 3188 388 3244 de
400 3188 538 3263 Gregoire
548 3190 619 3258 Vll,
633 3191 701 3245 mais
715 3209 778 3247 sous
791 3192 862 3247 celui
875 3191 1058 3248 d’Alexandre
1070 3192 1112 3260 11,
1125 3210 1163 3248 en
1183 3210 1265 3267 ¹⁰7⁸

200 3297 231 3332 ce
247 3298 333 3352 pape,
346 3279 395 3353 qni
412 3281 484 3333 avait
498 3281 543 3335 ete
554 3279 581 3334 le
594 3279 710 3352 disciple
726 3279 761 3335 de
774 3281 908 3337 lanfranc
925 3300 960 3336 au
974 3282 1039 3350 Beo,
1062 3298 1091 3337 se
1108 3281 1197 3338 leval
1215 3299 1266 3337 sou

200 3369 353 3442 approche,
368 3387 404 3424 eu
416 3369 508 3424 disant
523 3389 578 3443 que
589 3371 682 3425 o’etait
696 3387 768 3444 pour
779 3371 847 3426 faire
859 3371 996 3440 honneur,
1012 3389 1069 3426 nou
1087 3370 1266 3428 tl'mhevt-

200 3478 255 3532 que
267 3458 302 3514 de
315 3459 499 3531 Cauterbury,
514 3460 583 3514 mais
594 3461 610 3513 h
623 3477 673 3513 son
685 3459 783 3515 ancien
797 3460 896 3516 maitre
905 3458 943 3514 du
956 3460 1017 3514 Rec.
1030 3461 1082 3515 Les
1090 3458 1165 3515 deux
1172 3471 1267 3516 annes

200 3549 302 3621 prelats
312 3549 407 3605 iurent
418 3549 562 3622 beaucoup
573 3550 664 3605 moins
674 3549 741 3606 bien
752 3568 845 3624 repas,
857 3560 887 3607 et
895 3553 1019 3606 enrenth
1031 3569 1061 3606 se
1071 3549 1224 3619 defends-e,
1239 3552 1267 3606 le

202 3641 323 3712 premier
335 3639 370 3694 de
387 3658 418 3695 ce
434 3639 502 3712 qu’il
519 3640 586 3694 etait
599 3639 641 3693 fils
656 3638 692 3693 de
706 3639 814 3713 pretre,
829 3640 855 3695 le
870 3639 971 3695 second
984 3638 1019 3695 dc
1032 3658 1064 3695 ce
1081 3639 1150 3715 qu'il
1168 3640 1267 3695 n'avait

203 3731 306 3785 obtenu
319 3730 440 3785 l’evhche
448 3730 484 3784 de
497 3729 613 3785 Lineoln
621 3730 706 3803 qu’en
718 3733 897 3803 recompense
908 3730 947 3784 du
956 3729 1067 3786 notable
1076 3746 1189 3786 seoours
1198 3729 1267 3805 qu‘il

202 3819 273 3871 avait
287 3817 364 3889 prete
377 3820 392 3871 h
405 3816 565 3872 Guillaume
581 3836 653 3890 pour
671 3817 697 3872 la
710 3819 847 3892 conquisto
859 3816 1052 3891 d'Angleterre
1066 3819 1120 3886 (uu
1132 3819 1227 3873 navim
1237 3827 1266 3873 et

202 3906 281 3975 vingt
293 3904 464 3974 chevaliers).

238 3994 276 4061 (a)
295 3994 318 4046 ll
333 4014 350 4065 y
365 3994 435 4048 avait
449 3998 464 4047 a
477 4002 549 4047 cette
561 3995 669 4066 epoquo
680 3996 718 4047 six
728 4012 776 4048 ans
788 4011 841 4065 que
854 3993 893 4048 les
910 3995 978 4047 trois
991 3992 1092 4066 prelats
1102 3993 1208 4049 etaient
1221 4009 1264 4047 re-

203 4101 287 4136 venus
300 4082 334 4135 cle
348 4083 435 4138 Rome
449 4102 484 4138 en
498 4082 671 4154 Anglotcrrr.
