2910 4980
213 410 272 468 176
488 408 671 469 uisrorn
693 407 996 471 occlusurum.
1171 418 1278 496 [roas]

261 526 357 599 Dum
373 527 521 625 plurimi
542 527 740 627 Anglorum
758 554 827 626 pro
836 531 961 602 amissa
979 528 1146 607 libertate
1157 535 1277 633 pristi-

211 672 277 732 na,
297 668 406 744 quam
431 660 592 743 repetere
613 644 870 744 peroptabant,
898 646 1194 724 machinarentur
1217 678 1276 728 re-

209 761 424 847 bellionem,
451 760 557 833 multi
587 787 630 835 ex
655 761 776 835 eadem
791 777 899 861 gente
923 762 1074 838 suerunt
1100 767 1181 841 Deo
1200 793 1275 843 seu*

209 895 332 953 rantes
342 878 462 967 fidem,
475 894 512 952 et
521 880 759 953 constitutum
769 877 815 952 ab
825 881 902 979 ipso
911 896 1120 956 venerantes
1131 908 1271 984 regem,

207 1012 389 1096 praecepto
403 998 501 1071 enim
512 997 663 1095 apostoli
677 995 846 1071 dicentis:
858 999 977 1071 Deum
991 1004 1121 1090 unwtc,
1136 1001 1274 1101 Regni

207 1113 438 1208 honorificate
455 1112 523 1210 (1).
540 1112 642 1186 Coro
656 1113 776 1212 itaque
791 1137 911 1185 comes
926 1115 1088 1212 prosapia
1098 1130 1136 1188 et
1145 1132 1273 1214 poten·

207 1247 284 1303 tatu
302 1232 397 1303 inter
409 1228 543 1328 Anglos
555 1228 766 1327 praecelsus,
782 1229 966 1330 animique
982 1231 1093 1331 magis
1110 1231 1272 1332 singula-

205 1351 312 1421 ritate
327 1346 515 1447 prudentis
531 1362 568 1419 et
590 1347 743 1421 omnino
759 1346 900 1423 bonesti
921 1351 1143 1448 praecipuus,
1167 1348 1272 1423 Guil-

204 1465 315 1538 lelmo
339 1463 415 1564 regi
446 1463 600 1537 fideliter
628 1462 789 1556 favebat,
812 1480 849 1538 et
881 1466 957 1564 ejus
983 1491 1123 1538 cauam
1151 1465 1270 1542 multo

204 1580 328 1655 favore
342 1578 531 1679 probabat.
549 1578 724 1653 satellites
739 1607 826 1654 vero
843 1581 896 1653 sui
912 1580 958 1653 ab
972 1606 1015 1656 eo
1029 1580 1268 1676 dissidebant,

205 1698 288 1799 quia
313 1696 513 1770 factionum
529 1696 712 1772 deterrimi
731 1697 890 1773 sartores
909 1723 949 1770 ao
966 1698 1052 1772 socii
1070 1713 1187 1772 erant.
1202 1698 1271 1772 Iti-

205 1817 314 1889 versis
335 1816 446 1916 igitur
462 1815 577 1888 modis
598 1840 681 1888 eum
700 1815 934 1915 appetebant,
958 1831 995 1889 et
1009 1814 1176 1915 precibus
1195 1815 1270 1889 mi-

205 1935 333 2035 nisque
357 1961 398 2005 ac
424 1930 726 2007 obtestationibus
753 1931 986 2022 invadebant,
1013 1948 1055 2005 ut
1079 1948 1270 2007 exuaneos

204 2049 400 2137 desereret,
419 2063 456 2122 et
473 2048 655 2123 bonorum
673 2047 863 2123 hominum
877 2076 950 2122 suae
966 2048 1122 2123 nationis
1135 2064 1173 2122 et
1183 2070 1269 2123 oon·

204 2165 451 2265 sanguinitatis
473 2165 651 2241 voluntati
669 2163 941 2240 obsecundaret.
960 2163 1028 2240 Sed
1051 2163 1139 2236 dum
1165 2188 1269 2238 meus

204 2284 241 2354 in
260 2297 385 2356 tenore
403 2279 491 2355 boni
519 2281 673 2356 firmiter
690 2281 758 2356 lixa
776 2309 852 2357 non
869 2297 989 2381 posset
1014 2308 1035 2353 a
1051 2277 1268 2353 rectitudine

201 2399 395 2487 dimoveri,
424 2400 611 2472 concitatis
637 2415 762 2475 contra
792 2426 875 2474 eum
905 2396 1268 2499 comprovincialibus

200 2544 266 2614 per
291 2515 433 2589 insidias
451 2517 587 2590 occisus
604 2532 657 2590 est
677 2543 745 2615 pro
769 2517 974 2617 integritate
998 2515 1079 2589 fidei
1104 2515 1178 2613 (2).
1205 2513 1266 2587 Sic

200 2633 349 2706 asseruit
366 2659 449 2707 casu
472 2659 538 2707 suo
557 2633 614 2706 vir
636 2634 810 2725 eximius,
830 2634 927 2733 quod
944 2636 1104 2732 majestas
1124 2630 1267 2705 domini

200 2750 254 2820 sui
276 2775 415 2848 semper
432 2776 510 2821 cara
524 2749 652 2823 debeat
669 2777 743 2823 esse
759 2748 925 2849 subjectis
941 2747 1118 2822 fidelibus.

248 2869 353 2939 Tunc
367 2866 564 2940 Adelredus
574 2869 707 2967 primas
726 2867 981 2953 Eboracensis,
995 2866 1128 2966 aliique
1143 2866 1270 2964 pouti·'

199 2983 281 3056 fices
306 2983 452 3083 quidam
471 2984 618 3057 utilitati
645 2985 752 3085 regiae
780 2982 991 3072 studebant,
1017 2983 1101 3082 quia
1118 2982 1263 3080 sapien-

198 3100 242 3171 tis
257 3099 439 3172 monitum
456 3099 626 3188 scientes,
639 3100 800 3200 aequitati
814 3094 1124 3198 obtemperabant.
1142 3096 1259 3186 ttnoe,

191 3475 308 3531 saintet&
316 3472 343 3528 le
358 3470 390 3529 13
398 3473 465 3529 aorit
480 3469 556 3538 1113,
567 3470 644 3525 n’eut
652 3468 774 3525 d’auues
785 3470 894 3525 eulants
902 3486 957 3543 que
965 3466 1101 3524 Godefroi
1113 3465 1149 3521 de
1158 3464 1254 3520 Bouil-

190 3564 257 3635 1011,
271 3562 409 3621 uam
421 3560 466 3619 ΠΙ
484 3570 516 3619 et
529 3558 676 3617 hadom
692 3560 736 3629 1⁸¹,
751 3560 794 3616 mi
812 3558 847 3614 de
859 3557 1012 3614 Jerusalem
1027 3556 1106 3629 apres
1118 3570 1168 3609 son
1180 3552 1254 3609 free

749 3830 886 3887 'avim
902 3844 964 3883 vars
975 3826 1002 3881 le
1015 3823 1111 3880 millen
1126 3823 1163 3879 de
1179 3838 1253 3877 man

906 3936 957 3977 m
976 3910 1254 3991 gouvememeutst

928 4004 1094 4079 nne-eglise.
1105 4002 1153 4060 On
1167 4000 1254 4074 μήτ

926 4096 1109 4163 nullamne·
1119 4087 1256 4168 quoius
