2910 4980
208 453 419 532 [tuot-1⁰61]
581 451 698 513 LIBER
719 453 896 517 TERTIUS.
1231 463 1271 520 75

207 585 246 647 et
263 585 505 671 aeceperunt,
523 571 772 673 optimumque
793 572 949 672 ejusdem
970 577 1114 674 Rogerii
1137 601 1271 678 aqum

207 687 350 765 Dooet
372 685 556 771 monacbis
585 715 654 788 pro
677 690 750 787 ejus
773 688 891 763 anima
913 689 1140 765 obtulerunt.
1164 692 1270 766 Hunc

208 829 304 909 ergo¹
320 829 478 906 quum,
503 805 588 905 quic
615 806 791 904 pretiosus
812 823 911 899 erat,
936 807 1113 883 Ernaldus
1137 824 1178 882 ut
1199 807 1268 881 sibi

206 919 406 999 donaretur
426 920 555 1019 petiit,
571 938 610 995 et
628 921 851 1011 baldaicum,
879 922 1111 1026 hominesque
1129 950 1211 1003 suos
1231 939 1269 998 et

205 1054 341 1113 teman
356 1038 401 1112 de
416 1039 625 1139 Balgettaaio
642 1039 804 1137 pristinae
820 1041 1267 1140 monachorumpotestati

203 1153 528 1248 concessithuod
552 1169 590 1229 et
612 1154 660 1227 ita
686 1154 820 1229 sactum
842 1171 908 1228 est.
933 1155 1112 1228 Ernaldus
1134 1181 1266 1255 equum

202 1266 413 1343 consobrini
433 1270 486 1342 sui
508 1270 652 1370 Rogerii
669 1298 689 1343 a
708 1268 894 1345 Rodberto
912 1269 1042 1346 abbate
1057 1272 1212 1371 accepit,
1229 1288 1268 1346 et

203 1382 412 1476 baldricum
434 1401 619 1488 totamque
643 1405 776 1463 terram
805 1388 849 1463 de
874 1387 1084 1488 Balgennio
1109 1388 1267 1463 ccclesiae

199 1499 548 1581 domicioreddictt.
565 1506 748 1580 baldricus
763 1522 881 1611 autem
899 1503 998 1608 quod
1012 1506 1132 1606 gravia
1150 1531 1266 1581 evase·

199 1633 257 1691 ret
269 1619 420 1693 Emaldi
436 1621 578 1694 servitia
592 1619 765 1721 gaudena,
780 1621 1006 1696 dominatum
1019 1647 1141 1709 suum,
1157 1647 1265 1721 quem

199 1732 239 1807 in·
248 1731 337 1807 villu
348 1733 469 1807 Sancti
483 1731 621 1808 Ebrulfi
635 1733 808 1827 hahebat,
823 1735 1007 1809 monacbis
1020 1734 1131 1825 dedit,
1148 1751 1184 1810 et
1197 1752 1266 1809 ter·

198 1875 292 1941 ram,
305 1877 415 1952 quam
427 1879 532 1952 supra
545 1853 703 1926 titulum
718 1856 855 1927 Ductus
869 1852 1010 1927 Villaris
1024 1854 1039 1953 (
1047 1853 1080 1952 t)
1095 1851 1262 1943 babebat,

198 1981 234 2041 ct
248 1981 387 2061 tapam
403 1967 604 2055 Normaoni
622 1970 725 2043 Micae
742 1986 779 2044 et
799 1968 950 2069 Benigni
978 1967 1136 2043 tradidit.
1159 1971 1264 2042 Tunc

197 2080 382 2157 baldricus
393 2080 578 2159 liudberto
593 2082 712 2157 abbati
725 2086 861 2185 junctis
877 2083 1042 2158 manibus
1056 2084 1264 2161 fidelitatem

197 2197 365 2301 fecittet
383 2201 641 2302 subjectionem
658 2203 905 2303 justitiamque
921 2200 965 2277 de
981 2229 1017 2291 ae
1032 2203 1176 2303 suisque
1192 2201 1263 2275 ho-

196 2314 358 2404 minibus
374 2320 564 2418 promisit,
579 2337 616 2394 et
630 2346 859 2420 summopere
874 2346 920 2393 ne
939 2317 1116 2395 bonorem
1129 2324 1203 2419 ejus
1216 2319 1264 2395 de

195 2420 374 2532 poteltatc
390 2433 652 2512 monachorum
672 2438 825 2536 amplius
843 2437 1055 2536 projiceret,
1081 2437 1258 2536 poposcit.

194 2548 278 2630 Hoc
301 2550 424 2652 itaque
447 2551 632 2625 monacbis
657 2549 957 2626 confirmantibus
974 2567 1093 2624 ratum
1113 2551 1203 2642 fuit,
1225 2568 1261 2627 et

193 2663 1260 2768 tmippequamllodbertusfiliusejususqueinhodiernum

191 2770 287 2879 dieb]
312 2808 382 2880 pro
408 2797 502 2857 terra
525 2783 570 2859 dc
590 2783 799 2884 balgenzaio
825 2783 1052 2857 solummodo
1074 2783 1263 2857 monacbis

189 2895 372 3001 tuilitavit.

235 3013 418 3091 Uticensis
445 3018 580 3118 quippe
609 3015 750 3090 abbatia
782 3018 818 3090 in
844 3017 956 3091 leudo
979 3017 1023 3090 de
1049 3017 1261 3117 balgenzaio

191 3122 376 3218 miniatii,
402 3148 439 3207 et
469 3133 657 3234 saepefatus
684 3133 866 3207 baldricus
891 3158 1030 3236 magnae
1058 3132 1260 3208 nobilitatis

191 3246 272 3323 fnit„
295 3248 389 3323 Nam
407 3249 628 3326 Gislebertus
648 3279 766 3329 comes
788 3253 960 3327 Brionnae
980 3278 1093 3352 nepos
1115 3252 1257 3325 Ricardi

191 3365 292 3447 ducit
314 3367 610 3444 Normannorum
640 3371 804 3446 Baldrico
830 3371 1034 3445 Teutonico
1060 3371 1257 3469 (quicum

189 3483 491 3585 Wigeriovfratre
512 3512 578 3561 suo
600 3489 637 3561 in
659 3489 919 3562 Normanniam
935 3503 1083 3561 venerat
1102 3484 1257 3559 Ricardo

189 3598 272 3673 duci
288 3602 437 3701 servire)
451 3620 596 3703 neptem
609 3631 708 3676 suam
722 3606 759 3677 in
775 3604 982 3703 conjugium
994 3601 1112 3690 dedit,
1128 3627 1171 3674 ex
1185 3628 1256 3703 qua

189 3718 264 3821 pati
282 3735 368 3792 aunt
384 3746 443 3793 aex
463 3719 528 3793 filii
552 3737 588 3795 et
609 3721 728 3821 plures
746 3720 830 3794 filiae
848 3751 856 3791 :
872 3720 1039 3793 Nicotaus
1055 3719 1190 3792 scilieet
1210 3717 1254 3792 de

188 3832 402 3910 baschevilla
421 3853 456 3911 et
475 3837 585 3912 Falco
604 3837 647 3912 de
660 3837 802 3926 Alcon,
821 3833 1026 3910 Rodbertus
1042 3833 1086 3909 de
1102 3835 1257 3910 Curceio

221 4118 260 4189 (ι)
272 4116 351 4172 Noua
364 4135 399 4171 ne
416 4117 593 4174 connaistons
604 4119 685 4192 point
695 4137 726 4175 ce
738 4119 843 4188 Docet,
856 4119 904 4194 qui
918 4117 1025 4191 d'apret
1037 4135 1087 4173 aon
1101 4136 1167 4174 nom
1179 4137 1250 4173 aem-

191 4202 287 4261 blerait
299 4205 503 4263 coenitabant
516 4207 541 4264 lc
553 4209 692 4265 territoire
702 4209 737 4264 dc
748 4207 850 4265 Villera
865 4227 900 4265 en
915 4207 1024 4264 Ouche.
