2910 4980
165 156 226 216 sss
372 116 952 212 ·n1ssos1secctssuss1cs.
1129 157 1236 234 [ross]

166 277 340 348 intentum
360 270 431 345 sibi
449 273 585 348 crimen
606 272 776 366 irficians
800 273 861 347 uel
881 297 1041 374 negans,
1049 270 1153 374 ferri
1166 274 1236 375 ju-

165 394 262 467 dicio
280 391 507 464 conuincitur
519 392 689 492 (excepta
708 392 778 463 Dei
795 390 942 487 trevia),
961 389 1140 463 similiter.
1158 390 1237 491 Qui
1278 470 1287 483 .

157 511 316 611 justitiae
327 510 506 597 resistens,
520 509 832 580 excommunicari
843 533 882 578 se
885 509 1039 607 patitur,
1053 505 1230 581 similiter.

213 624 546 697 Parroclzionorum
562 626 718 696 crimina
732 626 902 725 episcopo
913 626 1155 724 pertinentia,
1172 623 1234 696 ubi

165 743 387 818 consuetudo
397 738 498 840 fuit,
523 744 774 843 episcoporum
790 742 940 842 judicio
962 744 1230 816 examinentur.

213 859 259 933 Si
276 859 512 933 contradictio
523 857 768 958 judicationis
774 861 890 956 jacta
893 854 1015 957 fuerit
1019 913 1032 945 ,
1052 875 1139 932 ante
1156 861 1232 961 epi-

163 1002 312 1078 scopum
328 975 533 1075 definimus.

206 1092 257 1173 ,Si
266 1093 369 1190 ferri
377 1091 565 1192 judicium
570 1091 695 1184 fuerit
708 1090 940 1191 judicatum,
960 1090 1066 1191 apud
1079 1107 1228 1164 matrem

161 1210 355 1286 ecclesiam
376 1211 596 1281 terminetur.

210 1327 257 1401 Si
274 1325 395 1428 plana
415 1327 476 1397 leo:
488 1326 675 1421 facienda
693 1326 778 1413 erit,
800 1324 941 1418 ibifiut
964 1325 1027 1396 ubi
1049 1308 1226 1426 placitum

155 1446 262 1548 prius
274 1446 363 1538 suit.

208 1562 255 1634 In
268 1558 467 1663 parrochia
484 1560 645 1659 episcopi
661 1563 738 1629 sine
756 1559 905 1631 licentia
921 1561 1002 1660 ejus
1018 1559 1144 1633 nulius
1160 1588 1225 1633 au·

158 1678 246 1751 deut
264 1676 482 1778 praedicare.

212 1795 291 1895 Qui
313 1795 352 1866 in
377 1791 576 1893 pradictus
604 1791 733 1892 culpas
759 1792 943 1882 incident,
974 1799 1006 1864 si
1028 1810 1161 1892 sponte
1179 1793 1226 1866 oi

152 1910 409 2014 poenitentium
422 1910 578 1995 venerit,
587 1910 808 2008 paenitentia
823 1910 859 1981 ei
868 1935 942 2009 pro
959 1910 1140 2008 qualitate
1157 1913 1225 1982 cri-

158 2030 265 2101 minis
283 2029 509 2128 injungatur,
531 2041 566 2097 et
577 2028 742 2127 pecunia
759 2025 967 2099 nullatenus
983 2030 1171 2126 exigatur.

206 2147 247 2218 Si
270 2146 388 2218 laicus
411 2160 557 2244 raptum
577 2146 616 2215 in
635 2145 729 2215 atrio
738 2141 895 2241 fecerit,
916 2148 1089 2244 episcopo
1104 2171 1225 2217 emen-

156 2261 274 2335 dabit.
293 2262 339 2332 Si
352 2285 438 2333 uero
453 2257 706 2359 alibijecerit,
723 2285 948 2360 quocumque
961 2259 1073 2334 modo
1076 2262 1222 2358 jaciat,

156 2382 345 2481 episcopus
363 2376 457 2449 nihil
471 2368 643 2448 habebit(

214 2523 268 2569 ια.
296 2498 379 2568 Has
409 2494 688 2567 consuetudines
716 2493 875 2567 habeant
900 2496 1068 2597 episcopi
1091 2497 1132 2568 in
1157 2497 1226 2569 iltis

157 2618 267 2705 locis,
294 2612 486 2712 inquibus
509 2639 573 2685 eas
582 2667 596 2701 ,
623 2630 782 2714 tempore
805 2614 982 2687 Rodberti
1005 2617 1148 2688 comitis
1171 2614 1228 2688 oei

159 2730 351 2805 Guillelmi
366 2731 482 2829 regis,
509 2731 590 2830 ejus
615 2735 860 2820 concessione,
888 2733 1064 2805 kactenus
1085 2731 1227 2804 habue-

154 2866 250 2924 runt.
283 2848 378 2947 Quat
401 2873 489 2920 vero
518 2850 641 2945 quieta
656 2845 814 2945 suerunt
821 2904 834 2937 ‚
863 2875 945 2921 eom
977 2849 1225 2948 quietudinem

154 2967 335 3054 habeant,
361 2993 470 3065 quom
494 2965 566 3038 huc
591 2991 701 3063 usque
725 2967 843 3040 solide
867 2983 1066 3040 tenuerunt.
1094 2969 1145 3040 In
1171 2968 1225 3041 his

153 3083 320 3157 omnibus
334 3083 489 3185 justitiis
514 3099 548 3154 et
571 3082 894 3157 consuetudinibus
918 3110 984 3158 rec
1007 3083 1078 3158 sibi
1098 3088 1226 3159 retinet

155 3201 255 3301 quod
273 3200 346 3272 huc
366 3225 479 3299 usque
500 3197 639 3271 habuit.

167 3373 171 3381 ι
205 3319 248 3392 Si
260 3317 449 3420 presbyter
463 3316 606 3389 domini
619 3324 678 3388 sui
692 3317 878 3417 judicium
895 3316 1164 3391 contradixerit
1179 3319 1225 3391 de

155 3434 403 3508 ecclesiastico
414 3460 543 3523 causo,
555 3449 590 3506 et
599 3460 693 3523 eum,
708 3438 746 3506 in
757 3438 899 3507 curium
912 3437 1079 3536 episcopi
1085 3436 1220 3527 eundo,

156 3554 292 3652 injuste
299 3549 473 3650 fatigare
483 3552 639 3647 fecerit,
660 3552 808 3626 domino
825 3581 893 3626 suo
910 3579 933 3626 x
951 3554 1086 3628 solidos
1105 3581 1220 3629 emen·

156 3669 274 3742 dabit.

206 3789 246 3857 Si
262 3787 426 3887 episcopi
442 3784 605 3883 aliquid,
626 3785 728 3885 quod
743 3785 803 3860 liic
820 3815 891 3860 non
906 3790 953 3860 sit
965 3790 1162 3890 scriptum,
1183 3788 1220 3858 in

155 3903 249 3999 regis
276 3903 379 3972 curia
408 3916 607 3973 monstrare
627 3921 783 4002 possunt
807 3930 845 3975 se
870 3903 1041 3976 habitisse
1064 3919 1219 4004 tempore
