2910 4980
500 423 618 489 LIBER
639 424 823 502 QUINTUS.
889 467 892 471 -
1144 426 1201 488 3³1

131 547 249 628 adbuc
265 545 430 648 quotidie
446 545 554 620 fiunt.
574 546 725 626 Daemou
743 546 864 632 enim,
886 570 996 645 quem
1017 544 1062 620 de
1082 544 1206 620 Dianae

131 664 220 743 fauo
237 662 396 764 expulit,
415 661 530 739 adbuc
547 662 586 736 in
604 663 725 739 eadem
743 660 834 737 urbe
849 659 966 762 degit,
987 677 1024 737 et
1045 662 1083 735 iu
1101 662 1207 736 variis

132 780 345 884 frequenter
370 779 505 886 formis·
524 805 717 881 apparens,
745 780 929 857 nemiuem
958 778 1070 855 taedit.
1098 780 1205 854 lluuc

134 897 264 999 vulgus
279 894 501 975 Gobeliuutn
514 896 690 997 appellat,
708 913 745 975 et
759 922 825 996 per
841 897 969 972 merita
985 897 1098 971 sancti
1115 897 1209 970 Tau·

134 1014 210 1093 riui
228 1011 275 1089 ab
293 1012 448 1096 humana
470 1012 617 1092 lusione
638 1015 837 1090 coercitum
855 1040 968 1114 usque
987 1013 1093 1089 bodie
1111 1014 1209 1088 affir-

136 1146 225 1211 mat.
246 1130 296 1205 Et
316 1131 399 1232 quia
416 1131 522 1230 jussis
539 1133 651 1209 sancti
671 1132 841 1206 antistitis
863 1158 925 1205 aua
944 1131 1145 1231 frangendo
1164 1134 1211 1205 si·

137 1247 297 1325 mulacra
309 1245 580 1338 obsecundavit,
590 1246 847 1322 inbarathrum
857 1275 934 1323 non
944 1248 1065 1322 statim
1073 1274 1210 1322 mersus

136 1366 230 1454 fuit3
254 1364 315 1439 sed
339 1366 376 1437 in
398 1365 481 1439 loco
503 1364 566 1438 ubi
588 1382 797 1468 regnaverat
820 1390 947 1465 poenas
974 1365 1060 1455 luit,
1085 1363 1211 1440 videns

138 1482 265 1560 salvari
290 1482 478 1572 homines,
500 1480 633 1582 quibus
649 1480 861 1582 jamdudum
881 1482 925 1555 ad
948 1481 1209 1558 detrimentum

139 1597 355 1675 multimode
372 1599 591 1698 insultavit(
617 1604 646 1696 ).
880 1596 883 1604 '

189 1719 320 1794 Fertur
348 1717 445 1794 aliud
472 1716 518 1791 ab
545 1718 693 1808 incolis,
721 1734 757 1793 et
785 1735 840 1794 est
867 1743 1016 1805 verum,
1046 1717 1146 1818 quod
1174 1718 1211 1789 in

142 1835 351 1912 Ebroiceusi
384 1835 475 1910 urbe
506 1836 639 1915 animal
671 1837 790 1912 vivere
819 1838 947 1936 nequit
979 1851 1211 1911 venenatum.

141 1953 234 2032 Nam
252 1953 397 2055 pinguis
421 1953 552 2054 humus
575 1953 713 2028 imbuta
735 1954 880 2031 llueutis
899 1957 1032 2029 lttonae
1052 1954 1215 2026 fluminis

143 2068 313 2146 colubros
329 2085 367 2145 et
382 2087 564 2170 serpentes
578 2071 757 2172 pariebat,
776 2090 813 2149 et
828 2071 1032 2172 hujusmodi
1048 2073 1216 2146 animan-

143 2183 241 2268 tibus
259 2184 413 2263 Ebroica
432 2187 556 2263 civitas
572 2188 680 2263 nimis
696 2186 914 2262 abundabat.
930 2187 1078 2261 Civibus
1094 2201 1215 2262 autem

144 2329 213 2404 pro
235 2303 298 2378 tali
320 2319 418 2403 peste
438 2304 766 2405 conquerentibus,
790 2306 1000 2404 deprecatus
1021 2319 1076 2378 est
1094 2302 1218 2378 domi-

144 2447 236 2496 uum
257 2419 382 2496 beatus
402 2422 601 2512 Taurinus,
623 2439 666 2497 ut
683 2422 815 2498 urbem
832 2422 878 2496 ab
897 2420 966 2498 boc
983 2419 1217 2496 incommodo

144 2536 335 2626 liberaret,
353 2564 421 2617 nec
434 2538 585 2617 ulterius
600 2555 818 2618 venenatum
833 2539 962 2638 reptile
975 2540 1069 2613 intra
1084 2538 1219 2611 moenia

144 2652 247 2727 urbis
265 2654 385 2728 vivere
403 2655 547 2728 sineret.
567 2657 690 2729 Oravit
714 2671 751 2730 et
770 2657 956 2730 exauditus
980 2672 1047 2729 est.
1073 2657 1110 2728 Si
1136 2681 1219 2728 casu

143 2768 296 2845 coluber
313 2797 375 2845 seu
397 2768 488 2844 bufo
513 2772 549 2846 in
569 2770 738 2849 fasciculo
761 2772 883 2847 berbae
903 2773 1079 2862 defertur,
1099 2773 1221 2845 statim

141 2888 234 2962 dum
253 2888 348 2961 intra
364 2887 607 2963 murosurbis
625 2891 784 2979 venerit,
803 2891 961 2965 moritur
979 2891 996 2991 (
1021 2891 1051 2988 )

194 3005 283 3079 Post
310 3004 461 3106 longum
486 3021 625 3106 tempus
647 3006 774 3110 religio
791 3006 994 3083 Christiana
1020 3008 1154 3094 creuit,
1182 3021 1220 3081 et
1261 3057 1268 3107 ι,
1412 3021 1421 3029 “

137 3326 260 3375 auteur.
274 3315 352 3375 Nous
362 3315 523 3389 iguorousb
537 3316 629 3390 quelle
639 3334 736 3373 source
747 3317 791 3373 ila
802 3337 840 3391 pu
850 3327 1014 3391 empruutar
1026 3311 1066 3370 les
1074 3314 1223 3369 traditione
1258 3321 1261 3326 “

137 3405 197 3480 qui
212 3403 331 3461 scireut.

180 3493 295 3563 (ι)οη
314 3496 449 3552 montruit
466 3494 540 3567 jadit
563 3499 579 3550 t
599 3496 800 3552 Saiut-Taun'n
823 3515 878 3552 uue
901 3495 1055 3569 pretendue
1077 3510 1162 3548 corne
1183 3490 1221 3545 du

138 3579 252 3641 diabte.
264 3581 313 3639 Ou
326 3581 484 3656 pretendait
500 3583 585 3657 qu'en
599 3582 790 3657 l'apprcchaut
803 3584 839 3639 de
852 3602 902 3640 son
915 3582 1025 3651 credie,
1041 3582 1062 3637 il
1078 3582 1146 3635 etait
1157 3596 1221 3654 poe-

136 3669 219 3729 aitte
239 3669 274 3729 de
292 3671 459 3747 distinguer,
479 3671 549 3730 daus
565 3672 591 3729 le
609 3691 755 3730 murmure
774 3673 875 3748 qu’elle
894 3672 986 3729 laieait
1004 3669 1155 3738 entendre‚
1178 3687 1223 3724 ces

137 3771 224 3818 mou
238 3782 244 3815 :
264 3760 386 3829 Taurus,
401 3761 560 3819 reads-moi
570 3783 616 3818 ma
629 3782 721 3818 corne.

181 3851 225 3921 (α)
242 3848 307 3905 Uue
319 3850 484 3909 traditioni
502 3870 557 3924 peu
574 3853 638 3925 pret
651 3852 801 3908 semblable
817 3854 905 3909 existe
924 3869 1025 3908 encore
1039 3868 1087 3905 sur
1104 3849 1224 3905 certains

139 3941 246 4015 points
259 3938 331 3995 dela
344 3940 532 4009 Nortuaudie3
542 3960 580 3997 on
591 3962 609 4015 y
622 3944 695 3998 croit
703 3962 758 4018 que
771 3943 811 4000 les
824 3945 958 4018 paruisses
970 3943 1077 4017 plaoees
1088 3957 1152 3996 sous
1160 3940 1224 3994 l'in·

140 4030 279 4088 vocatiou
297 4029 333 4085 de
352 4032 424 4088 saint
443 4032 591 4101 Saturnin,
610 4033 714 4107 e'vdquo
728 4034 763 4089 de
777 4034 932 4102 Toulouss‚
955 4044 1018 4088 sont
1036 4031 1170 4086 delivrdes
1189 4029 1224 4083 de

142 4130 215 4179 tout
226 4119 340 4192 reptiles
352 4122 509 4187 renonent,
525 4142 575 4195 par
585 4124 657 4179 suite
670 4123 709 4180 du
722 4143 858 4182 toncourt
869 4125 903 4180 dc
917 4142 962 4180 ces
974 4124 1102 4178 animans
1117 4120 1184 4176 daus
1198 4118 1224 4173 le

146 4219 276 4282 martyre
289 4209 327 4265 du
341 4212 412 4266 saint
424 4212 522 4284 pre'lat.
