2910 4980
133 416 343 493 [sorssors]
501 413 618 477 sinan
639 411 833 488 Quassus.
1145 417 1203 476 nu

133 532 204 607 sibi
224 531 344 607 hostes
363 530 407 604 ad
428 531 564 604 flumen
591 534 731 606 Tesiam
753 533 957 632 insequitur
974 533 1050 631 (s),
1073 548 1110 608 et
1128 533 1204 606 avia

135 651 358 749 perrumpit,
377 673 537 749 quorum
558 650 727 748 asperitas
749 649 930 723 interdum
949 649 1106 748 peditem
1123 675 1205 722 eum

137 769 190 842 ire
216 768 414 868 compellit.
441 767 556 867 Super
580 768 723 841 Tesiam
747 768 871 841 sedens
896 762 1103 869 quindecim
1131 767 1206 841 dies

137 885 324 985 transegit.
357 882 412 955 lbi
447 872 670 958 reconciliati
707 898 791 956 sunt
828 882 1020 957 Guallevus
1051 909 1207 984 praesens

136 1017 174 1077 et
204 1001 316 1075 Gaius
344 1001 519 1074 Patricius
544 1000 695 1088 absens,
731 1017 954 1076 sacramento
978 1027 1044 1101 per
1073 999 1208 1100 legatos

135 1118 314 1195 exhibito.
337 1121 477 1193 llorum
494 1118 603 1218 paulo
620 1135 703 1192 ante
720 1118 996 1192 contubernales
1011 1122 1087 1218 jam
1111 1119 1208 1216 peri-

135 1235 356 1310 clitabantur
381 1236 492 1320 Dani,
524 1249 565 1307 ut
589 1234 666 1336 vagi
694 1236 820 1336 piratae
846 1232 1016 1307 fluctibus
1038 1251 1075 1308 et
1093 1236 1208 1309 ventis

130 1353 270 1451 jactati.
289 1351 450 1453 Urgebat
461 1376 523 1426 eos
536 1378 614 1425 non
626 1352 746 1424 minus
759 1350 869 1424 fames
882 1377 991 1451 quam
1003 1367 1205 1450 tempestas.

134 1471 219 1543 Pars
242 1468 430 1569 naufragio
453 1469 574 1567 periit.
601 1468 745 1542 Residui
776 1470 887 1541 vitam
913 1469 1080 1541 vilissima
1108 1468 1209 1567 pulte

132 1584 402 1673 sustentabant,
426 1612 493 1659 nec
510 1586 628 1660 solum
648 1585 781 1659 milites
803 1587 975 1686 gregarii,
995 1610 1123 1658 verum
1140 1586 1205 1683 ipsi

132 1728 280 1804 quoque
305 1703 506 1804 principes,
533 1704 683 1778 comites
707 1720 815 1805 atque
841 1703 1045 1802 pontifices.
1075 1706 1208 1777 Carnes

135 1820 279 1918 penitus
302 1820 529 1909 defecerant,
556 1819 687 1921 quibus
712 1820 775 1894 diu
801 1820 957 1893 rancidis
984 1846 1025 1892 ac
1052 1818 1211 1918 putridis

135 1934 386 2009 vescebantur.
414 1935 544 2036 Egredi
571 1936 615 2010 ad
636 1936 940 2037 comportandum
964 1937 1107 2036 rapinas
1132 1961 1207 2008 non

136 2053 334 2144 audebant,
359 2079 477 2153 neque
504 2054 605 2126 littus
627 2068 785 2155 propter
804 2053 1003 2126 incolarum
1030 2067 1208 2125 terrorem

137 2170 275 2270 uspiam
298 2172 488 2269 attingere.
514 2169 678 2243 Tandem
695 2195 837 2270 magnae
856 2169 973 2241 classis
991 2168 1128 2269 exiguae
1146 2191 1209 2240 re-

130 2285 259 2388 liquiae
279 2288 424 2360 Daciam
447 2289 692 2388 repetierunt,
710 2303 746 2361 et
762 2289 883 2362 Sueno
905 2287 980 2387 regi
998 2310 1064 2358 suo
1080 2309 1205 2384 magna

133 2403 341 2477 discrimina
357 2430 440 2504 quae
457 2406 611 2505 perpessi
628 2421 731 2493 sunt,
745 2405 966 2503 nimiamque
982 2401 1207 2475 ferocitatem

135 2518 292 2594 hostium
300 2574 312 2609 ,
335 2547 557 2622 suorumque
573 2522 716 2594 ruinam
732 2519 906 2596 sodalium
927 2518 1096 2594 llebiliter
1111 2533 1207 2591 retu-

133 2635 269 2711 lerunt.

182 2757 307 2831 Mense
324 2758 493 2856 januario
516 2783 580 2830 rex
608 2756 824 2831 Guillelmus
849 2753 1127 2855 llaugustaldam
1149 2754 1204 2851 (a)

134 2871 383 2947 revertebatur
398 2871 419 2945 ὲ
441 2875 566 2965 Tesia,
579 2875 636 2946 via
657 2901 740 2973 quae
756 2872 927 2947 haetenus
941 2872 1113 2947 exercitui
1129 2886 1206 2945 erat

135 2990 329 3078 intentata,
344 3017 414 3091 qua
424 2989 555 3066 crebro
566 2990 765 3063 acutissima
771 2994 857 3091 juga
869 3003 905 3064 et
915 2988 1062 3060 vallium
1075 2987 1206 3060 humil-

133 3104 230 3179 limae
243 3105 359 3194 sedes,
375 3131 458 3179 cum
473 3106 601 3179 vicinia
615 3106 806 3180 serenitate
819 3131 928 3178 verna
943 3103 1091 3204 gaudet,
1111 3104 1204 3174 nivi·

133 3219 483 3322 bmcompluuntur.
497 3222 547 3295 At
561 3223 621 3298 ille
634 3225 674 3296 in
689 3225 866 3298 acerrimo
876 3222 1003 3295 hiemis
1014 3220 1097 3321 gelu
1109 3234 1205 3292 tran·

133 3341 238 3432 sivit,
259 3342 470 3441 animosque
489 3343 649 3415 militum
670 3342 899 3416 confirmavit
924 3367 986 3413 sua
1007 3340 1201 3411 alacritate.

135 3457 227 3531 lllud
244 3459 314 3531 iter
327 3456 523 3534 difficulter
536 3479 723 3559 peractum
745 3474 819 3553 est,
843 3460 882 3531 in
899 3485 974 3558 quo
991 3456 1205 3557 sonipedum

136 3574 264 3676 iugens
276 3575 382 3648 ruina
397 3575 491 3648 lacta
508 3592 573 3650 est.
597 3576 737 3649 Anxius
755 3601 824 3675 pro
843 3601 903 3648 sua
921 3575 1075 3675 quisque
1092 3575 1204 3648 salute

136 3694 272 3782 extitit,
294 3683 512 3796 dominique
525 3720 653 3794 parum
676 3710 737 3767 aut
761 3694 865 3766 amici
891 3693 1072 3765 meminit.
1098 3695 1139 3765 ln
1165 3717 1204 3767 ca

138 3807 341 3882 difficultate
365 3834 429 3882 rex
454 3836 536 3882 cum
561 3811 654 3883 senis
682 3824 825 3883 tanturn
847 3807 1030 3910 equitibus
1057 3808 1204 3882 aberra-

173 4105 209 4175 (ι)
229 4105 265 4158 La
273 4104 353 4172 Teos,
366 4106 469 4160 riviere
481 4107 530 4179 qui
541 4108 635 4178 separe
644 4104 671 4159 lc
681 4105 773 4158 comte
785 4101 888 4157 d‘Yort
898 4101 934 4155 de
941 4098 1012 4155 celui
1022 4099 1058 4155 de
1068 4100 1206 4156 Durbam.

172 4195 209 4265 (a)
228 4189 1208 4266 llcsbamfflortbumberlaud).peut-dtredevraitoulire:Eboracum?
