2910 4980
188 458 396 539 [1067-1093]
548 454 665 517 arana
686 454 877 535 Quaeres.
1191 456 1251 516 aaa

188 580 334 655 nullum
343 578 437 678 juria
451 580 505 653 aui
523 576 702 652 ltaeretlem
718 578 921 653 constituit.
939 576 1021 650 Non
1039 576 1157 649 multo
1168 590 1252 673 post

188 696 384 771 Balduinue
398 696 471 769 dux
487 694 678 769 debinctus
692 708 764 783 cst,
781 710 819 768 ct
830 692 1005 769 Arnullus
1020 694 1251 767 Morinorum

189 811 360 885 ducatum
366 810 951 911 panotemporenaetusenrtam
958 806 1164 885 Radbertus
1171 809 1253 881 Fre·

189 928 243 1005 eio
259 930 443 1028 ingentem
460 926 694 1016 Precianum,
715 926 940 1026 aliarumque
955 926 1119 1025 gentium
1136 939 1253 995 cater-

188 1068 270 1116 vam
290 1042 512 1145 aggregavit,
531 1058 569 1115 et
584 1040 788 1117 Flandriam
804 1040 939 1115 obnixe
953 1040 1171 1141 expugnavit
1188 1041 1203 1137 (
1225 1040 1251 1135 ).

188 1158 376 1261 Philippus
394 1176 515 1233 autem
534 1184 598 1233 rex
617 1159 839 1233 Francorum
858 1158 941 1258 (qui
969 1156 1253 1257 consanguineus

188 1294 266 1351 erat
282 1278 430 1375 eorum)
445 1274 490 1348 ad
506 1275 679 1347 auxilium
695 1274 839 1349 Arnulfi
853 1276 1051 1349 exercitum
1064 1271 1253 1347 Gallorum

189 1392 378 1481 adunavit,
401 1407 438 1466 et
456 1390 691 1465 Guillelmum
708 1391 901 1478 comitem,
919 1389 1155 1463 Normanniae
1173 1412 1253 1461 cus-

190 1508 312 1583 todem
329 1509 499 1582 accersiit.
518 1507 582 1580 llle
599 1531 685 1579 vero
701 1533 784 1579 cum
801 1504 924 1580 decem
941 1502 1168 1579 solummodo
1185 1503 1253 1574 mi-

191 1626 316 1700 litibus
330 1630 460 1729 Regem
471 1627 571 1713 adiit,
587 1641 720 1699 etcum
730 1650 775 1699 eo
785 1624 951 1699 alacriter
961 1625 1061 1726 quasi
1073 1621 1117 1696 ad
1127 1620 1254 1695 ludum

191 1746 228 1818 in
245 1742 450 1819 Flandrianr
469 1744 627 1816 accessit.
647 1740 852 1819 Rodbertue
871 1759 990 1816 autem
1008 1742 1131 1817 Freaio
1149 1764 1255 1815 exer-

190 1863 305 1934 citum
335 1862 480 1935 llenrici
512 1862 737 1962 imperatoris
764 1862 886 1934 cuneis
914 1860 985 1933 suis
1017 1858 1191 1944 sociavit,
1219 1870 1255 1930 et

190 1980 384 2055 Dominioo
401 1977 678 2080 Septuagesimae
694 1992 734 2051 κ’
752 1976 823 2053 kal.
840 1978 962 2051 martii
981 2004 1085 2050 mane
1103 1977 1256 2074 impara-

192 2112 248 2171 tor
262 2096 547 2197 praeoccupavit,
567 2110 604 2169 et
627 2093 795 2195 Philippo
819 2120 903 2195 rege
927 2119 1012 2167 cum
1030 2078 1181 2167 Francia
1191 2090 1254 2163 lu-

189 2212 331 2313 gieute,
358 2210 555 2286 Aruulfum
578 2210 729 2285 fratrem
752 2238 860 2285 auum
882 2228 920 2285 et
942 2208 1158 2285 Balduiuum
1184 2234 1254 2281 ne-

189 2344 315 2429 potem
335 2356 439 2403 suum
468 2344 504 2403 et
532 2328 769 2403 Guillelmum
795 2331 965 2403 comitem
996 2328 1076 2405 telie
1104 2352 1255 2401 cuorum

190 2446 325 2521 occidit
338 2446 409 2545 (2).
436 2447 560 2519 Postea
578 2446 815 2520 Morinorum
835 2445 1006 2520 ducatum
1025 2444 1090 2518 diu
1104 2444 1253 2531 tenuit,

191 2564 423 2663 moriensque
451 2560 534 2634 filiis
567 2563 640 2635 suis
672 2560 860 2637 Rodberto
883 2560 1192 2663 ,ierosolymitano
1219 2576 1257 2631 et

190 2678 361 2781 l'lrilippo
372 2680 520 2781 reliquit
533 2681 600 2779 (3).
614 2680 798 2754 Guillelmi
811 2704 899 2753 vero
915 2678 1057 2753 comitis
1072 2702 1203 2776 corpus
1217 2676 1255 2747 in

228 2962 268 3032 (r)
284 2958 430 3015 Bandouiu
440 2960 466 3015 V
479 2961 556 3014 n’eut
566 2978 614 3033 pas
625 2961 691 3034 cinq
703 2958 760 3025 fils,
770 2978 879 3015 comme
888 2960 915 3017 lc
927 2960 1046 3035 pretend
1056 2972 1138 3017 notre
1146 2973 1256 3029 auteur,

193 3048 265 3104 mi·
276 3048 429 3105 seulement
440 3056 551 3122 quatre,
570 3046 659 3103 sarcir
676 3071 682 3101 :
697 3046 969 3117 Robert—leFriton,
990 3047 1149 3116 Beudouin,
1167 3049 1258 3105 Eudes

193 3149 223 3196 et
239 3140 338 3195 llenri.
351 3138 486 3213 Lorrqu’il
502 3148 617 3195 mourut
632 3136 660 3193 le
676 3149 709 3191 ι’
722 3138 878 3213 septembre
891 3139 969 3215 1067,
982 3158 1014 3195 ce
1025 3140 1070 3195 lut
1087 3156 1137 3195 eon
1155 3138 1258 3195 second

195 3228 238 3285 fit·
252 3228 399 3285 Beudouin
416 3230 465 3305 qui
485 3229 526 3283 lui
547 3226 678 3298 succeda,
696 3240 726 3284 et
743 3230 839 3287 devint
854 3230 1000 3286 Bandouin
1019 3232 1076 3297 Vl,
1098 3235 1258 3286 suruomrne'

195 3320 342 3377 &udouin
351 3318 386 3373 de
395 3320 475 3374 lllons
487 3337 525 3373 eu
536 3318 562 3373 le
571 3320 640 3375 Bou.
654 3320 773 3375 Celei-ci
784 3324 862 3376 etant
871 3331 944 3375 mort
954 3320 1100 3377 lui-nieme
1107 3322 1137 3389 le
1151 3338 1181 3375 ar
1192 3321 1259 3393 juil-

195 3408 235 3465 let
255 3428 338 3484 1070,
356 3408 434 3465 laicae
450 3408 475 3463 la
494 3407 613 3465 Fleudre
629 3412 643 3463 l
662 3428 711 3465 son
729 3409 770 3463 lile
786 3410 848 3465 alne
861 3410 983 3478 Arnoul‚
998 3428 1084 3465 neren
1096 3420 1126 3467 et
1141 3428 1197 3465 non
1211 3428 1259 3483 pas

196 3500 270 3555 lrbre
281 3500 317 3555 de
331 3498 603 3555 trahere-terrina.

231 3596 271 3665 (a)
287 3590 446 3649 Cceornbat
454 3588 594 3647 eutlicua
607 3591 778 3646 Bavinclrove
787 3593 851 3663 pres
863 3591 969 3655 Caesel,
980 3590 1007 3645 le
1019 3608 1052 3645 aa
1066 3590 1166 3645 levrier
1182 3608 1258 3665 ¹⁰7¹·

197 3682 236 3737 la
246 3696 419 3755 permunage
430 3696 486 3753 que
498 3689 579 3737 notre
591 3688 691 3733 auteur
701 3678 815 3751 detigne
826 3695 934 3733 comme
949 3696 1037 3733 neren
1049 3677 1084 3733 de
1097 3676 1260 3733 Robert-le·

197 3772 305 3838 Prisca,
319 3781 361 3825 est
370 3768 528 3835 Beudena,
537 3780 628 3823 comte
636 3768 815 3835 detramur,
827 3770 900 3823 frere
908 3766 1151 3841 pulnotl'elrnouh
1161 3768 1231 3825 mais
1240 3768 1259 3823 il

197 3877 232 3913 ne
243 3860 319 3933 pe'rit
330 3860 411 3933 point
422 3859 490 3913 daur
502 3860 528 3914 la
540 3858 666 3927 bataille,
680 3871 708 3913 et
720 3861 916 3933 ve'cutjusqu'a
929 3860 953 3913 la
967 3860 1105 3933 premil’re
1117 3858 1258 3925 meirade,

198 3952 212 4001 l
224 3947 343 4023 laquelle
357 3946 377 4001 il
390 3950 448 4021 prit
458 3958 531 4021 part.

230 4035 270 4108 β)
288 4036 548 4091 llolrert-le-Frieon
565 4048 681 4093 mourut
693 4037 863 4093 subitemeut
875 4058 910 4093 en
924 4038 1038 4093 octobre
1055 4034 1133 4112 1095,
1150 4038 1260 4093 laiesant

200 4142 232 4179 en
242 4124 307 4179 ellel
319 4125 357 4179 let
374 4126 446 4181 deux
461 4126 502 4180 srlt
516 4128 643 4201 indiques
656 4130 691 4184 ici
703 4138 733 4185 et
749 4130 818 4185 truie
829 4128 908 4183 lillee.
927 4129 949 4184 ll
968 4128 1138 4197 eenrblerait,
1154 4127 1261 4201 d'aprin

203 4228 279 4270 notre
294 4226 380 4279 texte,
396 4236 450 4291 qne
465 4238 505 4272 ses
519 4218 559 4272 lrls
573 4220 696 4273 aur-aient
718 4218 830 4291 possode·
843 4218 869 4273 le
888 4222 978 4273 comte.
993 4218 1132 4273 rneemble
1151 4236 1187 4271 oe
1201 4236 1262 4271 eur-
