2926 4980
307 432 345 490 78
580 424 763 488 u1sroau
783 422 1086 487 uectasrasrrca.
1163 410 1370 508 [ausaausa]

306 543 463 647 gendum
478 559 514 618 et
531 543 729 618 canendum
752 543 857 651 nobis
879 541 994 616 adbuc
1015 544 1116 618 ralde
1135 560 1309 651 prosunt,
1332 556 1371 621 ct

306 686 370 761 per
392 657 516 733 similis
533 657 692 731 exercitii
710 655 929 759 probitatem
950 684 1016 732 nos
1040 685 1058 730 a
1081 657 1186 733 nobis
1207 659 1369 734 otiosita·
1411 658 1414 663 ’

306 793 377 852 tem
401 775 577 876 depellere
600 773 783 848 erudiunt.
808 779 849 848 ln
872 772 1096 865 orationibus
1117 791 1154 851 et
1172 776 1302 877 uigiliis
1322 776 1370 851 ab

306 891 455 964 infantia
473 889 544 961 fuit
559 888 733 978 assiduus,
752 904 789 962 et
807 915 919 991 usque
933 888 977 962 ad
992 886 1212 965 senectutem
1222 890 1369 991 jejuniis

303 1008 450 1108 aliisque
466 1004 764 1080 macerationibus
778 1007 893 1080 carnis
909 1006 1092 1083 moderate
1108 1008 1289 1097 intentus,
1304 1006 1370 1082 ob-

303 1137 465 1198 servator
480 1122 668 1195 monastici
687 1121 825 1196 ordinis
838 1122 1009 1226 diligens,
1031 1141 1066 1199 et
1082 1124 1126 1198 ad
1144 1125 1368 1227 redarguen-

302 1240 389 1312 dum
417 1254 548 1311 sanctae
575 1238 705 1339 regulae
734 1253 1009 1339 transgressores
1034 1240 1188 1314 feruens.
1214 1240 1367 1341 Episto-

303 1357 351 1428 las
367 1356 466 1429 Pauli
484 1370 520 1428 et
534 1352 727 1428 Proverbia
748 1354 972 1442 Salomonis,
996 1356 1134 1455 aliaque
1154 1356 1366 1457 quamplura

301 1486 433 1545 sanctae
449 1466 655 1602 Scripturae
662 1485 887 1570 syntagmata
905 1473 1018 1544 tenaci
1034 1472 1207 1545 memoria
1221 1484 1367 1547 coatra-

301 1585 459 1673 diderat,
477 1601 514 1660 et
529 1586 568 1657 in
579 1584 799 1686 quotidianis
818 1583 1062 1660 locutionibus
1082 1588 1154 1659 suis
1174 1586 1218 1660 ad
1239 1566 1367 1663 erbor-

303 1706 476 1778 tationem
489 1729 635 1792 eorum,
654 1701 787 1804 quibus
808 1701 1120 1794 confabulabatur,
1143 1703 1363 1804 proferebat.

301 1820 551 1923 llujusccmodi
578 1818 704 1892 studiis
729 1821 890 1893 intentus
908 1824 983 1919 jam
1003 1844 1064 1894 ttv
1087 1847 1200 1909 annos
1226 1821 1265 1894 in
1288 1844 1365 1896 mo·

300 1936 431 2013 naclrili
464 1936 594 2011 ordine
622 1936 820 2035 transegit,
851 1950 888 2010 et
916 1935 1032 2009 adhuc
1061 1954 1103 2010 ut
1098 1962 1197 2049 per
1225 1936 1366 2011 bonam

299 2055 410 2129 finem
426 2053 470 2127 ad
487 2068 634 2126 eeternae
651 2052 782 2150 quietis
799 2050 1031 2125 stabilitatem
1050 2032 1269 2152 pertransire
1286 2076 1368 2152 pos·

298 2172 364 2259 sit,
392 2168 461 2241 sub
485 2168 642 2269 llogerio
671 2165 800 2242 abbate
827 2161 932 2243 bonis
959 2166 1097 2243 actibus
1127 2169 1235 2243 solito
1262 2192 1366 2291 more

299 2287 442 2359 insistit.

346 2406 444 2476 Dum
464 2401 632 2475 Uticense
656 2397 866 2475 coenobium
891 2415 998 2474 aucto
1017 2396 1199 2474 conventu
1221 2424 1267 2474 xa.
1289 2426 1365 2477 mo·

298 2520 496 2593 nachorum
507 2518 661 2618 gloriose
673 2516 985 2606 corroboraretur,
998 2534 1034 2592 et
1046 2520 1138 2593 ordo
1147 2518 1365 2593 monasticus

297 2635 494 2711 secundum
519 2660 685 2708 normam
711 2632 844 2706 divinae
871 2636 973 2736 legis
1000 2634 1132 2709 ibidem
1153 2634 1366 2743 regulariter

298 2752 562 2840 observaretur,
581 2753 689 2851 longe
702 2752 845 2852 lateque
861 2751 1056 2851 procedens
1070 2751 1163 2824 sarna
1176 2750 1363 2843 volitabat,

297 2886 334 2944 et
346 2870 481 2944 multos
495 2869 538 2941 ad
553 2894 713 2943 amorem
731 2869 889 2969 ejusdem
902 2870 1058 2944 ecclesiae
1074 2867 1261 2944 invitabat.
1276 2868 1366 2965 Qui-

297 2987 379 3060 dam
396 3002 517 3061 autem
531 2985 702 3085 pestifero
720 2986 834 3060 livore
852 2984 1117 3074 inliciebantur,
1134 2968 1364 3086 propriaeq'tt'e

296 3103 443 3177 malitiae
456 3101 631 3176 vulnifico
644 3103 768 3175 missili
786 3103 1043 3202 puniebantur.
1058 3100 1262 3177 liodbertus
1275 3126 1364 3177 vero

298 3218 406 3294 abbas
428 3221 580 3323 genuina
611 3220 775 3320 largitate
798 3219 994 3318 praeditus,
1019 3219 1272 3329 undecumque
1296 3244 1363 3295 ve-

297 3340 436 3413 nientes
452 3337 496 3409 ad
513 3338 784 3413 conversionem
799 3335 956 3410 libenter
969 3334 1181 3435 suscipiebat
1187 3334 1251 3425 ,ἐι
1265 3359 1364 3436 qum-

297 3480 368 3554 que
386 3451 558 3526 fratribus
575 3451 619 3524 ad
635 3453 772 3525 rictum
789 3479 849 3526 seu
865 3451 1033 3526 vestitum
1050 3451 1244 3525 necessaria
1260 3464 1364 3525 erunt

297 3571 451 3644 viriliter
472 3568 702 3670 procurabat.
725 3568 898 3643 Redditus
919 3571 1091 3642 nimirum
1109 3566 1287 3641 Uticensis
1303 3592 1363 3642 eo-

297 3685 432 3772 elesius,
451 3710 533 3784 quae
551 3687 587 3757 in
603 3684 714 3758 sterili
728 3710 819 3785 pago
832 3682 1017 3784 surgebat,
1032 3682 1076 3757 ad
1091 3695 1227 3757 tantam
1240 3681 1364 3782 dapsi-

296 3800 435 3874 litatem
457 3799 597 3898 praelati
624 3801 736 3899 patris
763 3824 839 3874 non
865 3797 1061 3872 sufficiebat
1074 3827 1084 3886 ς
1115 3797 1175 3872 sed
1200 3798 1296 3896 ipse,
1321 3811 1364 3871 ot

296 3917 470 4004 diximus,
495 3944 537 3990 ex
558 3918 739 4017 generosis
760 3916 971 4015 parentibus
994 3914 1199 4016 prodierat,
1222 3931 1258 3987 et
1278 3939 1363 4012 opes

297 4059 423 4106 eorum
444 4031 488 4104 ad
510 4058 614 4103 usum
635 4030 897 4106 monachorum
920 4047 1032 4129 prout
1055 4028 1221 4119 volebat,
1250 4029 1360 4101 amica

296 4149 537 4222 familiaritate
559 4149 826 4236 consentiente,
849 4147 1062 4249 plerumque
1078 4143 1284 4245 accipiebat.
