2926 4980
250 409 309 472 134
524 409 711 470 HISTORIA
732 408 1039 472 ECCLESIASTICA.
1110 411 1322 492 [loto-1089]

248 529 457 630 degentium
471 530 646 628 sepelivit.
668 531 774 602 Tunc
786 529 851 602 filii
870 532 944 628 ejus
959 528 1168 604 Otmundus
1180 529 1225 606 de
1238 531 1324 607 Gal-

248 649 411 723 vimonte
420 647 478 746 (1)
488 650 663 722 etWazso
675 648 719 720 de
733 648 863 720 Pexeio
872 647 928 745 (a)
938 662 975 720 ct
990 645 1188 720 Rotbertus
1198 647 1323 722 Belva-

195 814 197 816 ψ
248 763 361 836 censis
378 781 634 836 concesserunt
646 761 948 836 SanctoEbrulfo
959 764 1099 851 omniu,
1115 790 1198 862 quae
1211 790 1322 864 supra

247 881 436 954 retulimus
451 881 530 953 data
548 908 622 956 esse
634 880 680 954 ab
696 882 979 956 antecessoribus
995 906 1144 970 eorum,
1156 883 1214 956 vel
1226 908 1322 957 con·

247 1022 352 1070 cessa.

293 1114 451 1189 Ecclesia
490 1116 610 1217 itaque
640 1117 685 1190 de
717 1116 841 1190 Parnis
872 1115 1102 1190 Uticensibus
1133 1116 1322 1192 monachis

245 1230 431 1304 commissa
453 1246 524 1320 est,
546 1257 629 1332 quae
649 1233 687 1304 in
708 1231 848 1305 bonore
867 1230 905 1302 S.
924 1231 1074 1305 Martini
1094 1233 1320 1307 Turonensis

243 1347 488 1446 metropolitae
517 1349 717 1447 antiquitus
747 1362 1061 1434 constructam,
1092 1347 1155 1420 ubi
1185 1373 1320 1447 corpus

244 1470 280 1536 S.
302 1463 430 1539 Judoci
458 1464 675 1539 confessoris
703 1463 837 1537 Christi
868 1467 920 1561 (ὅ)
942 1463 1083 1563 jamdiu
1108 1479 1321 1539 reverenter

246 1597 426 1655 seruatum
445 1597 511 1655 est.
527 1582 615 1675 Quis
633 1582 690 1656 vel
709 1580 805 1656 unde
821 1581 934 1654 fuerit
954 1582 1034 1671 istc,
1051 1580 1212 1654 breviter
1226 1583 1319 1656 inse·

244 1724 323 1771 ram
341 1697 426 1771 huic
443 1699 611 1772 relationi
630 1714 787 1783 nostrae,
806 1699 980 1772 veraciter
1003 1695 1202 1771 hauriendo
1218 1723 1321 1798 quae·

243 1815 384 1890 demde
395 1817 581 1890 volumine
593 1819 730 1916 scripto
747 1816 791 1890 de
802 1832 922 1889 sancta
936 1821 1012 1916 ejus
1028 1817 1316 1892 conversatione.

293 1933 395 2004 Xlll.
412 1932 531 2029 (Circa
543 1932 648 2031 650.)
663 1936 790 2006 Beatus
800 1933 977 2021 Judocus,
994 1933 1131 2005 Jutbail
1140 1935 1234 2033 regis
1242 1933 1319 2007 Bri·

246 2064 376 2122 tonum
391 2049 507 2139 filius,
528 2066 566 2123 et
581 2049 696 2124 frater
710 2049 862 2122 ludicail
875 2051 968 2151 regis
985 2050 1042 2148 (4)
1052 2103 1064 2138 ,
1084 2048 1173 2122 dum
1194 2050 1238 2123 ad
1259 2077 1316 2126 re·

244 2191 356 2264 gnum
364 2165 567 2266 petebatur,
578 2167 713 2241 relictis
725 2167 854 2239 litteris
866 2193 953 2267 quas
962 2164 1056 2265 apud
1067 2167 1319 2241 lanmailmon

245 2281 419 2372 discebat,
440 2310 527 2367 cum,
541 2309 579 2355 x1
594 2283 794 2384 peregrinis
811 2284 965 2356 Romam
983 2281 1153 2357 euntibus
1168 2309 1319 2384 peregre

246 2398 431 2498 profectus
448 2416 513 2474 est.
535 2402 665 2474 Haimo
688 2417 807 2474 autem
821 2399 968 2475 Pontivi
985 2397 1060 2470 dux
1076 2398 1196 2475 obiter
1210 2424 1315 2490 eum,

243 2543 354 2616 quem
367 2516 529 2591 nobilem
545 2534 714 2606 noverat,
735 2516 908 2605 detinuit,
928 2515 1069 2617 sibique
1092 2516 1319 2617 capellanum

244 2631 497 2733 presbyterum
511 2634 671 2708 ordinari
682 2632 782 2707 fecit.
797 2634 883 2708 Post
891 2659 1005 2707 annos
1014 2657 1101 2707 vero
1110 2650 1247 2733 septem
1256 2636 1277 2706 J
1279 2661 1319 2708 u*

244 2745 356 2820 docus
374 2750 412 2822 in
429 2749 576 2827 heremo
595 2749 694 2824 Braic
709 2750 764 2849 (5)
779 2750 820 2822 ad
835 2752 955 2823 rivum
966 2749 1095 2823 Alteiae
1108 2765 1194 2824 octo
1210 2749 1318 2824 annis

244 2864 321 2936 Deo
333 2866 493 2953 servivit,
504 2865 567 2939 ubi
576 2893 656 2940 avos
668 2867 797 2940 diversi
809 2867 996 2966 generiset
1005 2865 1196 2964 pisciculos
1206 2887 1318 2939 manu

245 3005 307 3051 sua
330 2981 430 3054 velut
449 3000 632 3060 mansueta
657 3011 787 3084 pecora
811 2983 989 3084 pascebat.
1012 2987 1085 3058 Pro
1108 3010 1185 3058 uno
1204 3008 1316 3083 panc,

278 3286 288 3356 (
294 3288 317 3356 ι)
335 3286 416 3342 Cette
427 3289 588 3362 genealogie
601 3289 671 3345 n’est
681 3308 729 3363 pas
743 3289 872 3345 d'accord
884 3309 947 3346 arec
963 3291 1031 3346 celle
1044 3290 1129 3365 qu’on
1139 3300 1237 3347 trouve
1246 3289 1316 3346 dans

244 3373 270 3430 le
283 3377 350 3449 pire
361 3377 506 3448 dunelmo,
522 3398 566 3448 vr,
582 3383 624 3447 lo.

278 3467 318 3533 (2)
336 3465 435 3520 Poissi.

278 3552 317 3626 (3)
334 3555 517 3626 salutasse,
535 3558 630 3632 prirtrc
648 3569 677 3613 et
694 3558 861 3614 conlesseur.
876 3557 924 3614 On
936 3558 1014 3633 place
1034 3574 1062 3612 ra
1080 3567 1155 3613 mort
1172 3554 1246 3612 le13
1265 3556 1315 3613 dc·

242 3643 367 3713 cembre,
382 3664 444 3701 vers
456 3645 518 3703 668.
540 3648 587 3703 On
604 3659 715 3717 trouve,
734 3649 802 3702 daus
819 3646 857 3703 les
869 3649 944 3703 Acta
959 3648 1011 3704 SS.
1028 3647 1089 3703 ord.
1106 3647 1136 3702 S.
1151 3645 1313 3715 Benedicti,

241 3751 306 3787 soec.
323 3751 355 3803 n,
370 3752 426 3789 une
437 3737 481 3791 vie
495 3735 531 3791 de
546 3757 578 3794 ce
589 3739 662 3794 saint
673 3738 735 3813 plus
744 3739 879 3794 ancienne
892 3749 921 3793 et
933 3737 996 3811 plus
1005 3735 1147 3805 detaillee,
1160 3735 1208 3811 qui
1225 3736 1316 3809 paruit

241 3826 318 3879 avoir
331 3827 401 3881 servi
416 3826 452 3882 de
465 3827 530 3882 base
541 3847 576 3882 au
588 3830 658 3884 recit
668 3829 769 3903 abrege
781 3828 817 3883 de
829 3839 910 3884 notre
922 3839 1029 3883 auteur.

275 3914 315 3985 (l)
332 3916 348 3969 J
350 3915 444 3970 utbael
454 3934 491 3970 ou
502 3917 572 3973 Hoel
583 3919 641 3986 III,
655 3929 729 3973 mort
741 3936 777 3973 en
788 3917 852 3973 602.
860 3916 1025 3972 -Judicael
1035 3936 1085 3973 son
1095 3915 1137 3972 fils
1146 3915 1268 3990 abdiqua
1278 3933 1315 3970 en

239 4001 291 4060 658
304 4017 334 4061 et
344 4019 460 4063 mourut
468 4028 503 4065 en
515 4010 604 4065 odeur
616 4009 652 4065 de
664 4011 782 4065 saintet&
791 4008 818 4065 le
833 4027 849 4082 7
862 4006 1009 4063 decembre
1021 4006 1085 4063 658.

272 4093 313 4166 (5)
331 4095 379 4152 On
393 4117 476 4170 pense
485 4119 540 4175 que
550 4101 616 4156 c’est
625 4100 651 4156 le
663 4099 720 4156 lieu
730 4101 802 4156 sitne
810 4118 859 4155 sur
871 4100 988 4167 l'Autic‚
1000 4100 1049 4174 qui
1062 4096 1191 4171 s'appcllc
1200 4096 1315 4167 aujoun

235 4183 316 4242 d’hui
329 4187 365 4243 La
379 4187 472 4244 broie.
