2910 4980
190 411 298 490 [roos]
564 404 681 466 trouu
703 404 896 482 Quanrus.
1200 411 1256 471 aar

189 531 304 632 regis,
336 525 581 600 Hardecunuti
612 524 707 597 filius
733 525 805 625 (r).
833 524 900 596 Hic
930 523 1067 624 ingenti
1098 529 1259 624 potentia

190 645 373 748 pollebat,
394 643 577 716 universas
597 642 699 741 regni
720 642 774 714 sui
792 642 886 715 vires
903 640 1157 732 contrahebat,
1179 646 1259 744 qui·

191 762 259 837 bns
271 789 294 834 a
305 761 433 835 vicinis
444 757 654 860 regionibns
662 758 826 832 etamicis
834 757 966 831 auxilia
978 784 1104 858 magna
1117 785 1261 837 coacer-

191 877 311 963 vabat.
334 874 560 975 Adjuvabant
585 900 668 949 eum
688 873 854 964 Polenia,
877 875 990 947 Frisia
1012 902 1128 951 necne
1151 876 1260 951 Saxo-

192 996 266 1069 nia.
281 993 440 1068 Lenticia
453 994 507 1090 (a)
522 1017 668 1092 quoque
679 1017 748 1091 pro
761 991 920 1092 Anglicis
932 989 1062 1092 opibus
1074 995 1261 1069 auxiliares

194 1127 332 1184 turmas
340 1106 519 1181 mittebat.
529 1109 571 1180 ln
583 1134 622 1182 ea
633 1107 904 1206 populosissima
915 1109 1014 1183 natio
1027 1110 1258 1199 consistebat,

192 1254 276 1329 qnae
300 1225 511 1327 gentilitatis
534 1223 649 1298 adhuc
675 1251 799 1299 errore
823 1225 967 1299 detenta
993 1252 1120 1301 verum
1142 1229 1261 1301 Deum

193 1342 398 1431 nesciebat3
414 1342 475 1417 sed
492 1343 706 1443 ignorantiae
721 1341 930 1440 muscipulis
943 1341 1149 1443 illaqueata,
1164 1344 1262 1420 Guo·

194 1460 313 1536 denen
339 1476 376 1533 et
398 1458 582 1547 Thurum,
610 1459 830 1559 Parumque,
851 1458 1011 1558 aliosque
1031 1458 1138 1534 falsos
1155 1459 1263 1549 deos,

197 1581 310 1652 immo
321 1576 504 1651 daemones
516 1575 669 1650 colebat.
685 1576 772 1648 llaec
784 1601 871 1676 gens
885 1591 979 1649 terra
992 1577 1155 1678 marique
1166 1606 1263 1677 prae-

196 1696 273 1770 liari
289 1696 404 1795 perita
418 1710 508 1780 erat,
520 1719 630 1794 quam
642 1693 781 1766 Suenus
795 1718 880 1767 cum
892 1718 975 1793 rege
987 1719 1053 1769 suo
1064 1721 1158 1795 saepe
1170 1700 1264 1772 vice-

197 1832 270 1906 rat,
286 1838 434 1912 suaeque
446 1812 576 1886 ditioni
590 1809 790 1912 subegerat.
801 1812 927 1885 Multis
940 1814 1059 1913 itaque
1070 1814 1264 1914 triumphis

198 1929 427 2018 sublimatus,
440 1945 483 2001 ut
500 1927 569 2001 sibi
588 1926 704 2001 adhuc
716 1943 861 2028 angeret
874 1931 1072 2028 potentiam
1087 1945 1124 2003 et
1136 1931 1261 2021 decus,

198 2063 326 2122 oontm
341 2044 578 2118 Guillelmnm
595 2069 716 2144 regem
739 2044 805 2142 (ut
826 2041 1078 2144 praediximus)
1099 2072 1265 2145 magnam

199 2162 344 2237 classem
362 2164 400 2234 in
417 2161 585 2262 Angliam
605 2161 705 2234 misit
722 2161 872 2233 Suenus.
892 2159 1069 2260 Appnlsos
1087 2161 1265 2235 Doveram

198 2283 384 2382 regiorum
399 2277 558 2351 militum
572 2303 741 2351 occursus
754 2276 900 2376 repulit.
920 2276 1048 2349 ltidem
1065 2277 1159 2377 apud
1175 2279 1266 2352 San-

199 2399 345 2499 gnieum
358 2397 414 2495 (3)
427 2393 541 2467 abacti
555 2409 661 2482 sunt,
676 2392 768 2466 seda
783 2393 1002 2466 Normannis
1016 2393 1149 2491 repulsi
1166 2411 1264 2468 sunt.

199 2515 303 2589 Nacti
312 2513 622 2613 opportunitatem
630 2510 847 2610 egrediendi,
860 2509 953 2608 apud
964 2509 1202 2608 Gepesnicum
1210 2513 1267 2610 (4)

202 2631 239 2703 in
256 2629 416 2730 praedam
437 2628 556 2699 diffusi
583 2640 688 2713 sunt3
715 2626 776 2701 sed
799 2625 1037 2725 provinciales
1062 2631 1267 2727 congregati

202 2748 352 2848 triginta
369 2762 610 2833 necaverunt,
633 2758 670 2817 et
696 2743 853 2844 reliquos
879 2745 917 2815 in
942 2743 1116 2844 effugium
1140 2771 1268 2844 coege-

202 2879 304 2938 runt.
325 2865 493 2964 Egressos
515 2860 729 2962 Northguioi
750 2862 807 2960 (5)
835 2861 879 2933 ad
902 2860 1055 2934 similem
1072 2861 1269 2938 discursio-

204 3006 289 3055 nem
319 2978 493 3052 liedulfus
518 2976 562 3050 de
590 2975 733 3049 Guader
761 2976 907 3062 invasit,
933 2992 970 3049 et
996 2976 1120 3048 multis
1145 2976 1267 3064 ferro,

206 3094 328 3166 multis
350 3119 439 3192 aqua
458 3093 568 3163 vitam
582 3092 737 3180 ademit,
756 3105 793 3163 et
811 3089 969 3191 reliquos
986 3092 1142 3190 turpiter
1166 3095 1270 3165 navi-

208 3213 304 3312 gium
316 3210 528 3309 arripientes
542 3211 580 3282 in
592 3209 735 3309 pelagus
747 3207 845 3280 abire
857 3207 1047 3306 compulit.
1062 3209 1138 3280 Rex
1147 3226 1271 3281 *autem

242 3555 280 3626 (a)
297 3553 410 3609 &enon
431 3552 526 3606 u’etait
538 3552 618 3624 point
634 3550 675 3605 fils
688 3550 723 3604 de
739 3550 925 3617 Hardicaunt‚
946 3567 1053 3603 comme
1073 3560 1154 3604 notre
1173 3563 1272 3607 auteur

216 3637 378 3716 lesuppose,
394 3640 464 3694 mais
477 3658 527 3694 son
540 3639 786 3712 cousin-germain.

247 3731 287 3799 (a)
304 3729 374 3801 Pays
385 3729 420 3783 de
430 3727 609 3801 l'Allemagne
617 3727 829 3800 septentrionale
841 3744 889 3780 sur
901 3725 925 3780 la
937 3726 995 3780 rive
1006 3726 1111 3798 gauclae
1119 3727 1154 3782 de
1163 3727 1272 3796 l’Oder‚

219 3815 278 3872 dana
293 3817 320 3872 le
332 3819 472 3890 voisinage
485 3817 520 3873 de
533 3835 582 3872 son
595 3816 797 3885 embouchnre‚
813 3826 841 3872 et
859 3834 909 3888 par
922 3817 1091 3889 consequent
1105 3835 1140 3870 au
1153 3817 1225 3872 nord
1237 3818 1274 3871 da.

221 3905 241 3962 la
251 3908 325 3965 Saxo.

249 3992 285 4067 (3)
300 3994 459 4050 Sandwiclr.

251 4084 287 4154 (4)
303 4085 433 4158 lpswiclr.

253 4171 287 4243 (5)
304 4175 446 4230 Norwich.
