2926 4980
190 447 301 523 [rora]
564 442 680 503 utana
700 444 893 518 Quinros.
1202 451 1262 509 257

193 558 341 634 hostiles
361 583 494 633 cuneos
519 585 641 633 secum
666 559 802 632 eduxit.
825 559 1092 661 Andegavensos
1113 588 1199 636 vero
1224 581 1261 637 et

192 677 376 763 Britones,
387 691 575 774 comperto
584 676 719 773 regiset
728 678 913 774 agminum
923 679 1174 776 ejusadventu,
1183 706 1258 753 non

195 791 460 893 fugerunt,sed
469 790 1261 893 potiusbigerimiluviumaudacterpertran-

194 909 349 996 sierunt,
361 922 397 980 et
406 908 666 997 transvecti,ne
676 908 873 981 timidiores
883 937 944 1007 spe
953 911 1262 1012 iirgiendisegnius

195 1024 463 1124 praeliarentur,
474 1023 618 1124 scaphas
628 1052 705 1096 suas
716 1025 981 1100 destruxerunt.
993 1031 1087 1101 Dum
1099 1046 1262 1131 utraequc

195 1146 288 1217 acies
307 1142 351 1227 ad
369 1140 578 1241 ambiguum
600 1158 780 1216 certamen
802 1159 1029 1242 pararentur,
1052 1145 1263 1220 horribiles-

196 1285 270 1358 que
284 1284 354 1357 pro
369 1272 488 1331 morte
505 1273 542 1330 ct
557 1259 728 1346 miseriis,
746 1285 829 1358 quae
846 1275 1002 1333 mortem
1021 1260 1262 1359 reproborum

197 1391 415 1476 sequuntur,
430 1376 577 1449 timores
589 1374 771 1449 mentibus
783 1376 983 1449 multorum
996 1377 1259 1476 ingererentur,

196 1491 345 1591 quidam
360 1493 533 1564 Romanae
547 1490 702 1564 ecclesiae
720 1490 908 1563 cardinalis
925 1490 1114 1592 presbyter
1127 1509 1164 1564 et
1178 1495 1262 1567 reli-

195 1608 287 1708 giosi
300 1607 466 1681 monachi
481 1606 605 1681 divino
619 1624 712 1680 nutu
723 1606 871 1694 adsunt,
886 1609 1065 1707 principes
1077 1610 1262 1710 utriusque

199 1724 351 1825 legionis
365 1724 538 1796 divinitus
555 1724 700 1796 animati
719 1724 868 1813 adeunt,
888 1723 1079 1798 obsecrant
1091 1741 1128 1798 et
1138 1728 1265 1799 redar-

198 1858 331 1940 guunt.
345 1841 493 1914 Viritim
506 1867 549 1913 ex
563 1856 663 1938 parte
677 1841 740 1913 Dei
755 1840 893 1912 bellum
906 1840 1121 1939 prohibent,
1137 1841 1265 1915 admo-

200 1958 322 2033 nendo
339 1976 375 2033 et
392 1959 553 2058 rogando
569 1984 693 2056 pacem
711 1957 873 2030 suadent.
895 1957 1087 2033 Gratanter
1104 1958 1159 2031 bis
1171 1963 1264 2058 jun-

200 2090 339 2175 guntm·
350 2073 563 2147 Guilleimus
574 2072 800 2147 Ebroicensis
813 2088 849 2144 et
862 2075 1118 2172 Rogerius(1),
1133 2074 1265 2175 aliique

202 2191 365 2277 comites,
377 2190 586 2290 strenuique
593 2190 783 2287 optimates
789 2216 800 2274 ;
816 2190 878 2288 qui
888 2190 1094 2263 sicuterant
1105 2194 1266 2291 prompti

201 2324 240 2383 et
255 2309 401 2381 audaces
418 2306 462 2380 ad
478 2308 657 2406 legitimos
673 2331 825 2406 agones,
848 2307 899 2378 sic
919 2309 1095 2380 nimirum
1111 2308 1268 2408 perhor-

201 2422 333 2497 rebant
355 2448 419 2519 per
435 2420 640 2519 superbiam
657 2437 694 2495 et
715 2421 925 2520 injustitiam
942 2418 1268 2497 subireconilictus

203 2537 439 2613 detestabiles.
455 2537 656 2612 Veredariis
674 2541 793 2639 itaque
809 2539 940 2611 Christi
954 2541 1050 2639 pacis
1063 2543 1196 2613 semina
1213 2569 1269 2615 se-
1348 2532 1351 2538 ’

203 2654 367 2730 rentibus
385 2654 661 2728 ambitiosorum
679 2670 801 2728 tumor
818 2657 1039 2756 conquiescit
1062 2659 1212 2747 nimius,
1232 2675 1269 2731 et

204 2771 481 2848 formidantium
491 2772 602 2843 timor
612 2770 784 2870 paulatim
795 2773 968 2846 decrescit
979 2774 1142 2872 pallidus.
1156 2776 1269 2847 Multa

204 2890 349 2963 demum
362 2887 509 2962 consilia
522 2890 634 2977 fiunt,
649 2887 779 2961 diversi
795 2904 965 2962 tractatus
977 2906 1147 2992 aguntur,
1162 2891 1269 2966 verba

205 3004 325 3081 verbis
347 3003 592 3104 objiciuntur;
619 3005 695 3078 Deo
717 3020 835 3078 tamen
860 3007 1026 3080 vincente
1043 3006 1147 3107 legati
1167 3012 1271 3106 pacis

206 3122 391 3221 utrimque
414 3122 668 3220 suscipiuntur.
694 3120 879 3195 Rodberto
900 3124 1045 3221 juveni,
1075 3125 1168 3223 regis
1194 3124 1270 3197 [ilio

206 3264 326 3313 comes
341 3235 604 3337 Andegavensis
624 3238 918 3310 cenomannense
929 3241 988 3335 jus
1006 3239 1171 3311 concedit
1188 3265 1269 3310 cuni

208 3369 288 3429 toto
299 3351 452 3440 bonore,
462 3378 571 3452 quem
583 3350 703 3426 idema
712 3354 843 3426 comite
855 3351 1034 3427 Herberto
1043 3380 1123 3426 cum
1137 3357 1272 3454 Marga-

207 3470 277 3543 rita
287 3495 416 3569 sponsa
424 3495 484 3540 sua
493 3469 656 3568 suscepit.
664 3471 827 3570 Denique
836 3466 1040 3543 Rodbertus
1050 3471 1201 3543 Fulconi
1212 3471 1272 3545 de·

208 3586 329 3658 bitum
337 3585 557 3684 homagium,
574 3586 744 3658 utminor
757 3587 897 3684 majori,
910 3585 1070 3682 legaliter
1080 3562 1267 3684 iinpendit.

208 3700 389 3775 Johannes
406 3716 545 3790 autem,
567 3701 697 3800 aliique
716 3701 984 3800 Andegavenses
995 3754 1005 3789 ,
1026 3701 1088 3802 qui
1103 3701 1273 3775 hactenus

209 3841 278 3916 pro
296 3842 377 3916 rege
394 3832 520 3889 contra
538 3816 723 3891 consulem
738 3815 1017 3906 rebellaverant,
1035 3817 1189 3916 principi
1208 3846 1273 3892 suo

246 4018 286 4085 (ι)
303 4014 476 4082 Guiilaurne,
491 4026 581 4069 cointe
593 4004 728 4071 d'Evreux
740 4013 786 4084 (13
800 4016 946 4070 decembre
962 4015 1077 4091 1067-18
1092 4016 1159 4071 avril
1176 4018 1272 4089 ιιιὸ);

214 4105 309 4178 Roget
322 4105 357 4160 de
365 4107 595 4178 Montgommeri,
607 4118 696 4162 comte
709 4106 743 4161 de
754 4106 886 4173 belleme,
901 4105 1051 4179 d'Aienoon
1064 4117 1092 4161 et
1105 4105 1140 4161 de
1149 4108 1273 4163 Shiuws·

213 4195 285 4267 bury
299 4197 308 4263 (
314 4211 428 4268 1070-27
438 4193 530 4266 juillet
547 4199 636 4267 1094).

289 4309 330 4354 u.
1088 4312 1127 4382 ¹7
