2910 4980
478 376 537 436 318
754 373 938 435 HISTORIA
960 373 1267 436 occusstssslcs.
1450 388 1455 445 Ι

479 507 670 592 cogamur.
705 491 862 592 Propter
896 517 1019 566 eorum
1039 489 1211 589 feminas
1244 493 1349 568 nulla
1376 521 1432 597 pe

478 608 684 684 emendatio
701 611 882 707 exigatur.
899 598 1173 685 Arobidiaconi
1180 639 1254 715 per
1269 613 1390 687 arcltia
1424 651 1434 679 ι
1451 658 1455 679 2

479 745 535 802 tus
547 754 633 802 suos
645 727 757 804 semel
766 733 917 802 inanno
927 727 1221 829 presbyterorum
1231 731 1393 830 suffing
1437 770 1450 795 a<

479 869 629 917 suorum
646 848 860 918 vestimenta
882 860 916 917 et
939 843 1073 918 calices
1095 862 1130 917 et
1149 845 1262 920 libros
1283 846 1440 922 uideant

479 964 634 1062 signatis
660 961 909 1064 abepiscopo
936 964 976 1034 iu
1003 989 1221 1064 unoquoque
1248 964 1412 1038 arcada
1451 1004 1455 1031 t

479 1077 705 1154 solummodo
720 1078 834 1152 tribus
849 1078 959 1167 locis,
978 1078 1043 1151 ubi
1057 1083 1175 1152 uicini
1182 1081 1391 1183 presbyteri
1406 1111 1451 1156 αι

481 1196 720 1272 monstranda
745 1214 994 1272 convocentur.
1028 1197 1144 1296 Quod
1161 1225 1244 1272 cum
1269 1199 1455 1275 orchidia

481 1316 536 1391 ad
561 1314 642 1389 tuac
669 1315 835 1390 ridendo
860 1317 1016 1407 uenerit,
1042 1344 1068 1389 a
1086 1317 1308 1419 presbyteris
1334 1320 1403 1418 qui
1454 1374 1455 1381 κ

481 1432 603 1518 aiunt,
626 1431 748 1504 triduo
755 1486 769 1520 ‚
787 1432 823 1503 si
836 1431 1006 1532 ecpedit,
1025 1432 1161 1504 uictum
1179 1432 1313 1507 babeat
1329 1433 1406 1506 sibi
1419 1460 1455 1532 p

528 1549 566 1622 6.
582 1546 624 1620 Si
626 1546 817 1649 presbyter
813 1542 1100 1648 forisfacturam
1103 1544 1237 1654 fecerit
1248 1550 1294 1622 de
1292 1547 1451 1649 forestis

481 1665 542 1740 oel
552 1665 730 1739 baronum
742 1667 834 1766 ejus,
849 1665 988 1738 nullam
1001 1666 1089 1739 inde
1103 1666 1394 1740 emendationem
1443 1703 1452 1729 r

483 1784 687 1882 episcopus.

532 1929 568 2000 7.
584 1897 789 1999 Presbyteri
802 1898 915 1971 semel
930 1901 970 1971 in
986 1925 1085 1971 anno
1102 1900 1204 1971 circa
1219 1899 1435 1971 Pentecoste

473 2015 774 2120 processionibus
789 2018 867 2089 suis
884 2015 939 2088 ad
952 2032 1103 2089 matrem
1121 2014 1315 2088 ecclesiam
1332 2017 1420 2088 oeni
1427 2048 1438 2078 ι

482 2133 530 2207 de
546 2132 704 2233 singulis
719 2131 889 2206 domibus
902 2158 996 2206 cerae
1008 2133 1184 2205 deuemta
1197 2133 1214 2230 (
1220 2133 1254 2230 ι)
1263 2185 1274 2220 ,
1289 2131 1351 2205 uel
1366 2131 1425 2203 id

481 2251 558 2325 leus
590 2251 645 2324 ad
677 2247 961 2322 illuminandam
994 2249 1188 2322 ecclesiam
1220 2248 1331 2321 altari
1365 2248 1441 2347 offie

486 2369 601 2469 Quod
619 2373 685 2469 qui
697 2371 826 2463 sacene
848 2369 1021 2457 noluerit,
1045 2393 1070 2439 a
1087 2365 1297 2471 presbytero
1319 2392 1386 2438 suo
1404 2393 1449 2464 p

481 2487 670 2561 nisterium
685 2512 791 2558 suum
807 2500 963 2584 cogatur
973 2485 1041 2558 lroc
1057 2485 1192 2558 soluere
1207 2486 1285 2556 sine
1303 2508 1380 2554 eme
1412 2518 1422 2545 a
1441 2517 1452 2546 ι

479 2605 663 2706 pecunia.
694 2603 831 2676 Laicus
856 2601 1103 2704 presbyterum
1131 2628 1205 2675 non
1234 2602 1295 2673 det
1322 2600 1384 2673 oel
1420 2634 1455 2664 ιι

481 2721 663 2812 ecclesia,
684 2724 759 2794 nisi
773 2747 822 2794 esc
838 2746 1016 2795 consensu
1025 2720 1210 2821 preesulis.
1231 2718 1349 2817 Quem
1365 2734 1396 2788 tt
1452 2772 1455 2781 .

482 2835 711 2939 recipiendus
729 2853 781 2909 est
789 2893 802 2926 ‚
824 2840 1016 2938 episcopus
1036 2861 1110 2908 nou
1132 2833 1309 2937 repellat;
1328 2834 1418 2904 etsi

483 2951 613 3026 undas
629 2969 700 3041 est,
719 2979 795 3024 non
813 2954 979 3025 retineat.

534 3070 570 3142 8.
598 3071 646 3142 Iu
669 3072 854 3144 cimiteriis
881 3069 937 3169 (α)
964 3070 1215 3158 ecclesiarum,
1248 3093 1331 3166 quoe
1360 3067 1400 3137 in
1426 3093 1449 3139 c

483 3185 578 3260 tibus
592 3186 656 3262 vel
670 3186 829 3260 castellis
844 3185 906 3259 oel
927 3186 1053 3287 burgis
1069 3203 1153 3261 sunt
1161 3241 1174 3275 ,
1194 3183 1379 3285 quidquid
1394 3208 1441 3286 ep

483 3320 640 3406 tempore
656 3302 835 3378 Rodberti
856 3304 997 3377 consitis
1020 3303 1082 3374 vel
1110 3302 1303 3374 Guillelmi
1328 3300 1447 3397 regis,

482 3446 673 3510 consensu,
686 3419 900 3510 babuerunt,
914 3421 1079 3521 episcopi
1088 3418 1298 3492 rehabeant.
1312 3417 1360 3488 In
1372 3418 1455 3487 cim

481 3565 570 3613 vero
576 3595 590 3629 ,
606 3565 690 3637 quse
706 3541 746 3611 in
758 3536 918 3613 meroliis
929 3556 1033 3628 sunt,
1048 3539 1086 3610 si
1095 3531 1369 3638 guerrafuen‘t,
1385 3548 1421 3605 et
1443 3566 1453 3595 ι

483 3655 538 3728 ad
559 3654 803 3728 habitandum
822 3656 873 3728 ibi
883 3653 1041 3753 sacrant
1063 3655 1291 3727 mansionem
1310 3652 1400 3724 dum
1420 3674 1449 3749 g

516 3971 526 4040 (
532 3972 555 4041 ι)
573 3968 636 4023 Une
645 3969 773 4042 quantite'
783 3967 818 4022 de
828 3969 885 4022 cire
897 3967 932 4022 de
942 3968 968 4022 la
979 3968 1072 4024 valeus
1080 3967 1148 4021 d’un
1158 3966 1266 4023 denies.
1275 3966 1351 4024 C’est
1359 3964 1395 4021 de
1406 3963 1442 4020 dc

483 4059 644 4126 clenan'ata,
658 4059 747 4132 qu’est
761 4075 833 4112 venu
844 4057 870 4112 lc
884 4067 943 4111 mot
953 4057 1069 4130 franceis
1082 4055 1195 4111 denseo.

517 4149 556 4219 (π)
576 4149 648 4202 Lisez
662 4173 666 4199 z
681 4150 855 4202 caemeteriis.
