2910 4980
172 448 379 524 21o70-1110]
543 439 661 504 aaran
681 440 866 518 omarus.
1179 439 1242 502 aas

172 588 231 664 per
249 578 364 638 totam
381 559 568 635 dioecesim
583 584 685 633 suam
696 559 822 635 festive
833 557 1006 634 celebrari
1026 557 1236 644 constituit,

172 695 205 757 et
215 679 374 784 gerundi
393 677 513 754 edicto
528 676 693 752 festivam
709 677 903 752 stationem
920 675 966 750 ad
978 675 1091 750 sancti
1110 674 1239 774 ponti-

172 795 245 873 ficia
258 820 391 896 corpus
407 809 508 869 exus
525 791 655 870 urbem
671 793 821 896 singulis
839 793 943 867 annis
960 792 1040 868 fieri
1058 789 1235 878 decrerim

172 912 340 1016 adquam
352 910 609 1013 parrochianos
626 939 718 1013 pene
733 937 860 986 omues
881 910 1032 986 monitis
1045 925 1082 985 et
1097 908 1239 984 absolu·

172 1026 332 1104 tionibus
342 1042 452 1129 atque
467 1024 782 1103 benedictionibus
799 1028 1036 1125 invitavit(1).
1051 1024 1239 1100 Monachis

172 1160 205 1221 at
225 1144 386 1236 clericis,
403 1141 645 1247 omnibusque
664 1142 732 1217 sibi
751 1145 918 1246 subjectis
938 1160 982 1217 ut
1000 1142 1115 1216 dulcis
1136 1155 1239 1242 pater

172 1261 358 1337 blandiens
375 1261 529 1362 profuit.
548 1261 695 1336 Psalmis
711 1278 748 1337 ct
765 1261 911 1366 hymnis
924 1248 1123 1336 et'canticis
1136 1257 1240 1358 spiri·

172 1378 348 1469 tualibus,
367 1380 546 1480 sacrisque
562 1380 743 1480 mysteriis
763 1379 1008 1453 indesinenter
1020 1402 1094 1453 sese
1105 1374 1239 1449 manci·

172 1496 281 1596 pavit.
297 1494 423 1570 Omnis
431 1494 477 1568 ab
488 1495 551 1571 illo
562 1495 661 1568 fraus
673 1512 710 1570 et
720 1496 924 1570 amaritudo
933 1495 1061 1596 procul
1073 1492 1236 1566 fuerunt.

172 1611 324 1687 Nullum
337 1610 522 1714 quoerebat
531 1613 676 1707 laedere,
691 1613 752 1688 sed
765 1612 967 1716 quibusque
979 1608 1238 1712 indigentibus,

172 1744 283 1830 prout
298 1729 392 1803 ratio
409 1726 577 1828 jubebat,
597 1755 818 1805 succurrere.
845 1729 983 1804 Cantor
1005 1726 1242 1828 peritissimus

172 1858 266 1936 aaa,
283 1843 574 1946 aptissimamque
590 1844 635 1919 ad
649 1847 851 1921 canendum
870 1871 997 1920 vocem
1015 1840 1181 1918 habebat.
1199 1843 1243 1913 ln

172 1984 238 2037 usu
252 1962 490 2038 ecclesiastico
501 1962 706 2038 doctissime
723 1965 920 2038 instructus
934 1980 1030 2052 erat,
1050 1958 1144 2037 etad
1157 1985 1242 2060 pre·

172 2076 365 2152 dicandum
379 2078 535 2154 indoctis
549 2080 701 2155 verbum
714 2081 801 2172 Dei,
821 2081 914 2155 clara
927 2081 1128 2181 idoneaque
1144 2076 1244 2151 locu·

172 2195 273 2270 tione
291 2192 444 2295 vigebat.
462 2197 639 2271 Patientia
657 2212 693 2272 et
714 2196 938 2298 benignitate
954 2210 1104 2270 cunctos
1121 2218 1244 2268 secum

172 2327 371 2386 coessentes
393 2311 594 2405 mulcebat,
616 2339 856 2415 magnamque
880 2328 1021 2414 partem
1044 2312 1166 2386 oneris
1188 2309 1243 2382 sui

172 2426 315 2502 decanis
336 2443 374 2501 et
393 2427 716 2530 archipresbyteris
731 2431 809 2506 sine
829 2431 962 2504 invidia
979 2425 1240 2515 distribuebat,

172 2543 362 2646 bonosque
397 2545 635 2620 nibilominus
669 2545 714 2619 ad
749 2548 1064 2648 participationem
1094 2543 1244 2621 honoris

174 2662 275 2738 avide
296 2661 501 2765 asciscebat.

220 2777 412 2879 V.[1080.]
423 2779 1244 2856 Annoabincarnationellominin⁰axxx⁰rex

172 2893 389 2970 Guillelmus
412 2898 449 2970 in
471 2896 664 2971 festivitate
682 2899 909 2973 Pentecostes
930 2898 1025 2999 apud
1042 2895 1244 2974 lllebonam

172 3011 326 3102 resedit,
345 3010 469 3115 ibique
486 3013 721 3089 Guillelmum
738 3015 1049 3118 archiepiscopum
1067 3031 1103 3091 et
1119 3041 1246 3090 omnes

173 3129 359 3228 episcopos
372 3145 409 3202 et
421 3129 585 3221 abbates,
601 3132 822 3232 comitesque
842 3159 925 3205 cum
938 3133 1016 3205 aliis
1032 3129 1245 3231 proceribus

173 3241 410 3322 Normanniae
423 3248 530 3320 simul
552 3248 669 3323 adesse
686 3251 872 3350 praecepit.
890 3250 941 3324 Ut
952 3277 1015 3325 rex
1028 3253 1152 3348 jussit,
1168 3248 1247 3323 sac-

174 3374 255 3436 tum
270 3379 338 3438 est.
363 3365 478 3465 Igitur
495 3381 622 3439 octavo
638 3394 736 3441 anno
754 3384 903 3468 papatus
919 3367 1059 3441 domini
1079 3365 1246 3467 Gregorii

174 3505 277 3580 papae
299 3482 442 3580 septimi
468 3479 607 3556 celebre
629 3485 825 3558 concilium
845 3484 940 3585 apud
961 3485 1247 3558 duliam-Bonam

174 3595 394 3672 celebratum
416 3616 490 3688 cst,
517 3615 553 3673 et
575 3599 620 3674 de
642 3616 738 3674 statu
760 3601 931 3677 Ecclesiae
949 3601 1035 3692 Dei,
1062 3602 1247 3702 totiusque

172 3712 295 3817 regni,
307 3715 533 3814 providentia
544 3718 638 3820 regis
648 3745 731 3791 cum
740 3716 921 3794 baronum
931 3743 1080 3794 suorum
1094 3717 1246 3793 consilio

205 4040 246 4110 (a)
263 4038 347 4094 (lette
359 4041 519 4112 processioa
537 4039 585 4095 des
603 4039 726 4115 reliques
739 4039 774 4096 de
788 4042 861 4097 saint
874 4040 993 4096 Romaiu
1011 4049 1053 4094 est
1065 4037 1194 4112 l’origine
1211 4035 1247 4092 de

173 4126 321 4185 lucelebre
334 4129 405 4184 loire
416 4130 451 4186 de
468 4130 681 4186 saint-Romaiu
695 4149 732 4186 ou
745 4131 784 4186 du
797 4131 921 4199 Pardon,
934 4130 1004 4186 dont
1021 4127 1189 4185 l’ouverture
1202 4127 1247 4183 n'a

174 4235 220 4290 pas
233 4220 309 4274 cesse
324 4217 358 4273 dc
372 4229 459 4275 restes
474 4220 541 4276 [iaec
553 4238 588 4275 au
601 4219 635 4276 23
647 4221 769 4277 octobre.
