2910 4980
193 505 400 584 [ruso-rom]
561 501 679 564 amna
698 500 880 562 ‘rennos
1212 502 1253 561 so

194 635 302 708 runt,
329 617 450 718 ibique
473 617 668 692 Willermo
693 616 773 690 duci
798 631 1125 717 praesentaverunt,
1149 616 1256 719 eique

196 733 456 809 monachorum
476 732 689 808 electionem
704 750 813 834 atque
833 733 1045 833 petitionem
1070 732 1257 806 intimave-

194 866 296 923 runt.
315 854 397 924 Dux
419 866 540 924 autem
556 876 683 924 eorum
699 851 867 950 petitioni
889 849 1089 950 adquievit,
1108 865 1145 923 et
1161 874 1257 948 prae-

195 966 271 1040 fato
288 969 385 1056 viro,
403 969 467 1068 qui
484 967 616 1041 electus
630 982 724 1051 erat,
743 995 806 1066 per
825 965 1027 1040 cambutam
1040 967 1159 1041 lvonis
1175 964 1257 1065 epi-

197 1079 294 1176 scopi
303 1078 477 1178 Sagiensis
486 1079 700 1152 exteriorem
710 1076 863 1152 abbatiae
871 1092 1081 1178 potestatem
1095 1075 1255 1149 tradidit.

198 1194 410 1267 Willermus
423 1221 509 1270 vero
521 1193 746 1279 Ebroieensis
759 1197 945 1294 episcopus
958 1195 1168 1269 interiorem
1183 1191 1260 1265 ani-

196 1339 339 1385 marum
350 1338 473 1384 euram
486 1340 550 1413 per
558 1311 802 1412 pontificalem
813 1312 1103 1388 benedictionem
1116 1327 1170 1384 x1⁰
1183 1311 1256 1383 kal.

192 1429 274 1527 julii
288 1430 522 1530 spiritualiter
535 1428 811 1504 commendavit.
828 1427 1032 1504 Rodbertus
1050 1430 1169 1528 itaque
1183 1428 1258 1526 jum

197 1544 307 1619 abbas
318 1547 464 1620 effeetus
475 1574 531 1621 res
543 1548 750 1622 monasterii
766 1547 879 1646 coepit
890 1544 1081 1646 diligenter
1092 1559 1259 1631 tractare,

199 1680 291 1737 etex
304 1681 496 1762 parentum
513 1688 661 1737 suorum
675 1663 809 1737 divitiis
820 1665 1056 1736 necessarium
1072 1663 1181 1737 servis
1194 1661 1260 1735 Dei

199 1776 399 1853 subsidium
420 1778 637 1853 sufficienter
662 1777 928 1866 administrare;
953 1781 1065 1877 justas
1088 1777 1262 1851 observa-

201 1894 342 1983 tiones,
368 1921 456 1994 quas
475 1896 555 1994 pius
578 1894 817 1993 praedeeessor
840 1898 914 1993 ejus
939 1895 1161 1983 instituerat,
1186 1919 1262 1968 non

200 2013 320 2087 solum
332 2038 408 2085 non
428 2013 631 2100 imminuit,
650 2013 848 2098 sedetiam,
867 2040 935 2111 pro
952 2013 1093 2088 ratione
1113 2027 1150 2086 et
1167 1996 1264 2084 tem-

201 2154 304 2229 pore,
314 2131 487 2206 auetorita
494 2147 526 2203 te
532 2134 724 2229 majorum,
737 2129 794 2204 vel
802 2130 965 2230 exemplo
973 2128 1176 2204 vicinorum
1185 2155 1267 2228 per-

202 2249 295 2319 citus
310 2250 568 2348 augmentavit.
588 2243 664 2347 lpse
681 2246 844 2349 quidem,
863 2247 951 2337 dum
970 2234 1265 2348 adbubneopby·

205 2377 260 2433 tua
284 2378 382 2450 erat,
410 2364 584 2463 permissu
606 2362 819 2437 venerabilis
841 2348 1035 2437 'l'eoderici
1045 2334 1264 2439 ssaniacum

203 2494 427 2573 perrexerat,
446 2478 507 2551 ubi
527 2494 614 2552 tunc
630 2481 836 2555 monasticae
855 2477 1018 2579 phalangi
1034 2468 1140 2580 Ilugo
1156 2476 1267 2552 abbas

203 2595 428 2693 temporibus
442 2596 740 2695 nostrisspeciale
763 2597 1024 2670 monachorum
1039 2596 1146 2672 decus
1166 2622 1267 2697 prae-

204 2724 294 2783 erat.
312 2709 417 2783 Unde
438 2737 519 2783 eum
540 2729 622 2810 post
636 2712 775 2812 aliquot
793 2728 933 2812 tempus
951 2713 1103 2800 rediret,
1121 2739 1269 2814 magna-

205 2827 294 2898 nimi
329 2828 492 2928 llngonis
525 2828 771 2902 munificentia
807 2829 1058 2903 Bernefridum
1092 2831 1269 2903 illustrem

207 2945 425 3018 monachum
457 2947 542 3046 (qui
576 2947 808 3046 postmodum
837 2949 1023 3048 episeopus
1050 2946 1164 3021 faetus
1192 2947 1267 3045 est)

206 3086 327 3133 seeum
342 3060 507 3144 adduxit;
522 3088 677 3163 eumque
693 3078 733 3134 ut
750 3089 869 3154 mores
885 3063 1172 3137 Cluniaeensium
1187 3062 1272 3135 Uti-

207 3176 371 3251 eensibus
403 3179 609 3269 intimaret,
638 3178 845 3279 aliquandiu
876 3177 1075 3254 honorifice
1101 3179 1268 3254 retinuit.

207 3291 283 3367 Sub
298 3319 342 3368 eo
358 3293 401 3367 ad
418 3296 691 3369 conversionem
708 3296 900 3369 Mainerius
917 3294 1124 3368 Gunseelini
1141 3294 1185 3368 de
1201 3295 1272 3366 Es·-

207 3410 341 3486 calloio
363 3410 457 3485 filius
479 3413 598 3498 ve‘nit3
626 3412 688 3511 qui
715 3426 797 3510 post
818 3411 958 3510 aliquot
978 3437 1092 3484 annos
1114 3408 1270 3508 ejusdem

208 3524 370 3602 cenobii
396 3528 557 3627 regimen
578 3527 754 3625 suscepit,
782 3527 955 3625 annisque
983 3552 1047 3598 xxi
1072 3544 1109 3599 et
1135 3528 1273 3602 mensi-

198 3640 347 3719 ·bua'vn
363 3644 502 3718 utiliter
520 3646 650 3718 tenuit.
973 3641 976 3645 ’

213 3759 233 3807 ·’
244 3758 568 3861 -Βοᾶοιιίῑθωροτε
579 3760 755 3835 Roduttus
767 3777 1010 3860 cognomento
1023 3760 1273 3834 Mala-Corona

185 3968 189 3973 Ι
212 3876 482 3973 llticumvenit,
500 3877 621 3978 ibique
632 3903 713 3949 cum
724 3876 911 3951 Rodberto
921 3875 1061 3965 abbate,
1075 3904 1141 3952 suo
1153 3878 1275 3952 videli-

88 3948 423 4224 εφη,
432 3992 566 4065 diutius
579 3992 763 4067 habitavit.
775 3994 841 4064 llic
851 3994 1038 4081 nimirum,
1051 4008 1093 4064 ut
1103 3994 1274 4093 paulosu.

226 4110 231 4121 ’
277 4110 332 4215 ἰω
343 4109 503 4185 breviter
514 4111 757 4197 meminimus,
773 4108 818 4180 ab
833 4106 982 4183 infantia
999 4109 1126 4183 litteris
1140 4111 1274 4184 affatim

294 4228 369 4318 uit,
394 4210 430 4302 ct
448 4229 573 4303 Galliae
593 4228 773 4328 ltaliaequc
792 4228 984 4301 scrutando
1004 4227 1138 4302 scholae
1157 4256 1276 4305 seere-
