2910 4980
193 405 251 466 168
465 399 650 460 HISTORIA
671 396 973 462 uectuslasrtct.
1154 402 1261 480 [rost]

240 520 463 594 Advenieute
495 516 693 592 Guillelmo
722 544 805 618 rege
830 542 912 590 cum
939 541 1068 617 magua
1096 518 1258 593 mount

192 639 305 738 gloria
317 690 328 724 ,
357 634 550 709 admodum
580 651 655 709 tota
684 634 801 709 laetata
827 651 881 709 est
905 635 1142 711 Normaunia.
1177 635 1259 713 Dies

192 770 295 828 crant
313 752 455 828 hiberni
474 769 510 826 et
525 751 862 854 quadragesimales3
881 752 942 828 sed
960 756 1001 827 iu
1018 754 1209 854 episcopiis
1223 770 1260 831 ct

194 871 391 959 coenobiis,
411 870 473 949 ubi
496 897 612 946 novus
629 870 794 945 veniebat
816 897 898 960 rex,
920 868 1159 946 initiabantur
1173 873 1259 947 Pn-

192 989 305 1061 chalia
321 988 421 1062 festa.
444 986 544 1060 Nihil
560 985 846 1087 relinquebatur,
864 989 963 1090 quod
989 988 1027 1060 in
1042 988 1162 1063 studio
1181 986 1260 1063 talis

193 1103 481 1180 honorificentiae
497 1105 552 1205 ogi
575 1104 723 1179 solitum
744 1119 810 1177 est.
832 1106 1009 1179 Proetcrea
1031 1106 1060 1177 si
1079 1105 1169 1206 quid
1187 1132 1259 1183 no-

191 1246 278 1292 vum
287 1219 487 1294 adinveniri
499 1221 636 1319 potuit,
649 1218 857 1293 addebatur.
871 1219 987 1313 Quam
1000 1221 1173 1319 pietatem
1185 1221 1260 1323 ipse

192 1336 384 1411 confestim
419 1336 612 1436 multiplici
642 1335 741 1410 douo
773 1338 1086 1436 recompensavit,
1120 1337 1260 1421 donans

106 1535 112 1553 Ι
191 1454 315 1553 pallia,
340 1454 449 1528 libras
469 1456 570 1541 auri,
594 1456 731 1556 aliaque
753 1481 880 1556 magna
903 1455 1075 1529 altaribus
1094 1454 1261 1531 famulis-

191 1595 263 1669 que
279 1568 426 1641 Christi.
446 1568 618 1643 Ecclesins
635 1585 777 1657 autem,
794 1596 882 1670 quas
897 1572 1088 1669 praesentia
1105 1597 1166 1645 sua
1183 1596 1260 1647 unu

192 1685 367 1772 visitavit,
389 1684 599 1759 muneribus
615 1686 729 1758 missis
745 1685 954 1760 laetificavit.

240 1800 295 1874 Ad
308 1801 520 1875 coenobium
530 1802 670 1875 Sanctae
684 1804 872 1877 Trinitatis
889 1804 1054 1877 Fiscanni
1070 1802 1263 1903 Pascbu(i)

191 1917 406 2007 celebravit,
438 1917 500 1991 ubi
529 1919 732 2021 frequentia
765 1924 961 2022 praesulum
989 1937 1027 1996 et
1061 1919 1259 2010 abbatum,

192 2033 445 2136 nobiliumque
471 2038 636 2111 virorum
661 2039 843 2113 convenit.
867 2040 971 2111 Tunc
998 2037 1172 2112 Radulfus
1194 2062 1262 2112 co-

191 2180 265 2227 mes
285 2155 361 2252 (a),
383 2153 539 2254 Philippi
566 2156 658 2255 regis
682 2156 902 2229 Francorum
926 2155 1099 2242 vitricus,
1125 2152 1262 2227 multu-

191 2297 262 2370 que
285 2269 454 2345 nobilitas
482 2272 642 2344 Franciae
666 2271 791 2358 affuit,
818 2287 855 2344 et
877 2272 1074 2372 crinigeros
1099 2269 1262 2371 Anglit‘ae

191 2391 390 2462 Britanniae
406 2388 571 2463 alumnos
587 2391 728 2463 curiose
742 2388 973 2480 intuebatur,
987 2405 1025 2461 et
1036 2388 1130 2488 regis
1145 2387 1263 2488 regio-

193 2530 347 2604 rumque
368 2504 564 2579 satellitum
586 2504 795 2581 indumeuta
821 2508 956 2580 intexta
977 2523 1084 2607 atque
1105 2520 1261 2579 crustata

192 2647 281 2694 auro
304 2621 559 2694 admirabatur.
577 2624 666 2694 Vasa
691 2649 777 2697 vero
795 2650 899 2696 aurea
918 2623 972 2695 vel
991 2637 1178 2721 argentea,
1200 2646 1263 2697 seu

192 2734 362 2811 bubalina
377 2765 512 2812 cornua
522 2739 624 2816 fulvo
635 2738 780 2811 metallo
793 2741 885 2812 circa
897 2738 1140 2813 extremitates
1150 2753 1264 2810 utras-

193 2878 264 2951 que
276 2852 440 2926 decorata
457 2854 559 2928 laude
573 2853 773 2927 attollebat.
793 2855 957 2954 Denique
969 2853 1124 2952 plurima
1139 2853 1263 2952 hujus-

194 2969 333 3043 ccmodi
344 2972 582 3069 competentia
592 2971 701 3071 regali
712 2969 1123 3072 magnificentiael'ranci
1134 2995 1262 3069 magua

193 3082 389 3173 notabant,
416 3113 499 3186 quae
515 3088 644 3160 reversi
668 3086 818 3162 domum
840 3086 890 3159 ob
910 3087 1106 3161 novitatem
1124 3085 1262 3184 proedi-

194 3217 325 3275 carent.

242 3316 426 3393 Celebrata
436 3320 577 3393 Paschae
589 3321 831 3413 solemnitate,
840 3349 902 3395 rex
911 3320 1065 3396 dedicari
1079 3319 1261 3394 basilicam

195 3436 334 3507 Sanctae
352 3436 473 3508 Mariae
486 3461 592 3535 super
602 3437 731 3509 Divam
743 3440 798 3537 (ὅ)
809 3439 999 3537 praecepit,
1015 3436 1077 3508 ubi
1092 3437 1167 3535 ipse
1177 3462 1262 3509 cum

194 3577 324 3653 magno
340 3568 440 3625 coetu
454 3553 669 3650 optimatum
683 3571 720 3627 et
735 3554 971 3629 mediocrium
988 3555 1057 3626 kal.
1069 3554 1152 3626 maii
1163 3578 1262 3628 reve·

229 3830 238 3897 (
245 3832 267 3899 v)
286 3829 323 3882 Le
334 3828 400 3899 jour
412 3827 447 3882 de
457 3829 564 3903 Piques
577 3831 644 3885 etait
655 3840 728 3887 cette
740 3831 868 3886 annes-lt
880 3831 906 3884 le
919 3830 936 3886 8
949 3829 1024 3884 avril.
1105 3865 1106 3869 ,

229 3922 268 3985 (Ἰ)
287 3916 378 3971 ll³⁰¹¹l
390 3917 432 3985 ll,
448 3916 490 3971 dit
499 3917 523 3971 lc
535 3917 647 3986 Grand,
658 3929 749 3976 comte
758 3919 793 3973 de
802 3919 899 3992 Crespi
909 3929 937 3973 et
948 3918 983 3972 de
993 3917 1097 3974 Valois.
1113 3917 1207 3988 Voyez
1220 3917 1261 3972 ci·

194 4005 288 4060 dessus
300 4025 369 4079 page
386 4005 441 4061 113.

229 4092 267 4164 (3)
287 4096 419 4168 L'abbaye
437 4095 471 4152 dc
492 4096 680 4152 Notre-Dame
700 4100 715 4151 t
736 4095 1085 4163 saint-Pierre·sur-Dire,
1107 4093 1208 4150 loude'e
1224 4111 1261 4156 eu

201 4182 266 4220 „iau
