2910 4980
193 473 253 533 250
468 471 651 533 HISTORIA
673 470 976 535 EcctEsltstch.
1050 478 1258 559 [rotomo]

187 587 371 694 praefers?
390 591 539 665 Samson
556 591 769 691 respondit:
792 592 937 680 Etiam,
959 593 1121 669 donum.
1146 595 1259 673 Hm

193 715 271 782 sine
287 708 400 783 dubio
407 708 574 809 fideliter
591 710 720 810 offerro,
741 709 839 785 hunc
857 710 947 784 milri
966 714 1109 815 meique
1122 712 1259 787 simili·

195 825 261 897 bus
271 826 359 925 jure
367 851 563 928 praepono.
581 826 685 899 Mitis
703 842 804 899 estet
820 825 1016 926 benignus,
1036 825 1123 902 inde
1138 831 1258 931 ΜΒ
1311 850 1317 863 ’

187 942 393 1044 praesulatu
414 943 561 1043 dignm.
584 944 658 1016 Pro
676 946 795 1019 macte
817 947 980 1048 corporis
1001 972 1078 1021 nort
1095 947 1148 1021 sit
1170 973 1259 1023 nou·

194 1060 415 1161 temptibilis.
432 1062 597 1136 Humilis
617 1060 764 1136 habitus
779 1063 976 1161 gratiorem
991 1089 1075 1137 eum
1091 1068 1262 1167 «κάρα

194 1175 434 1278 sapientibus.
456 1177 524 1251 Ad
537 1182 717 1252 exteriora
731 1194 873 1252 tantum
886 1205 962 1253 non
975 1180 1126 1282 respicit
1135 1180 1256 1271 Dm,

192 1295 261 1367 sed
289 1300 447 1369 intuetur
472 1322 517 1369 en
541 1321 625 1395 qnoe
650 1296 763 1368 latent
788 1297 1015 1371 intrinsecus.
1045 1297 1126 1371 Rex
1149 1296 1257 1398 igitur

192 1411 372 1508 prudens,
398 1413 567 1512 sapientis
592 1411 701 1486 verba
728 1414 868 1488 intente
890 1414 1072 1512 percepit,
1097 1427 1136 1487 et
1159 1439 1256 1517 saga-

192 1527 282 1599 citer
314 1528 516 1601 examinare
546 1528 672 1628 coepit.
700 1527 853 1601 Diffusas
878 1542 998 1603 nutem
1024 1528 1256 1630 cogitationes

193 1669 271 1713 suas
297 1643 335 1714 in
359 1669 397 1716 se
422 1669 584 1718 reversus
610 1645 760 1716 rationis
790 1643 957 1744 ligamine
981 1645 1159 1744 paulatim
1183 1670 1256 1721 m·

194 1758 342 1848 minxit,
363 1759 662 1859 nominatumque
684 1758 854 1833 clericum
874 1760 995 1832 statim
1015 1760 1059 1832 ad
1080 1787 1118 1834 se
1138 1785 1256 1835 uccer-

192 1875 273 1966 siit,
293 1877 396 1977 eique
413 1902 537 1950 curam
553 1892 589 1951 et
604 1877 771 1952 saeculare
783 1880 842 1976 jus
860 1877 1167 1952 cenomannensis
1178 1878 1254 1978 epi-

192 2008 356 2091 scopatus
382 1996 574 2068 commisit.
600 1995 791 2067 Decretum
809 1995 901 2095 regis
919 1995 1017 2068 clero
1037 1995 1256 2069 insinuatum

191 2125 263 2199 est,
283 2126 319 2184 et
336 2113 476 2211 praelati
495 2112 614 2186 clerici
633 2113 741 2186 bonae
758 2114 844 2186 vitae
866 2113 1116 2188 testimonium
1138 2111 1185 2185 ab
1204 2111 1255 2187 hi·

192 2229 253 2327 qui
272 2246 453 2303 noverunt
466 2231 680 2304 ventilatum
692 2247 758 2303 est.
776 2237 845 2305 Pro
861 2245 934 2303 tam
947 2257 1039 2330 pura
1051 2245 1089 2304 et
1102 2229 1254 2330 simplici

192 2345 367 2421 electione
392 2346 518 2421 devota
542 2347 656 2420 lausa
679 2346 843 2421 fidelibus
866 2345 1100 2421 Deoreddita
1125 2362 1198 2437 est,
1222 2362 1257 2423 et

191 2460 323 2534 electus
342 2479 464 2561 pastor
487 2463 530 2535 ad
556 2463 671 2535 caulas
694 2463 816 2536 orium
843 2490 990 2535 suarum
1013 2461 1060 2536 ab
1082 2463 1256 2564 episcopis

191 2593 227 2650 et
244 2579 391 2678 reliquis
407 2579 590 2667 fidelibus,
606 2579 738 2679 quibus
755 2578 856 2653 hoca
872 2605 956 2680 rege
967 2583 1106 2679 jussum
1113 2577 1255 2669 luerat,

193 2693 392 2771 honorifice
409 2696 602 2796 perductus
615 2712 680 2770 est.
696 2696 744 2767 At
762 2696 821 2768 ille
840 2722 915 2770 non
933 2697 1054 2771 miuus
1070 2694 1257 2799 obstupuit

194 2813 231 2883 in
247 2827 317 2884 tam
331 2812 447 2885 subita
462 2814 695 2913 promotione
707 2811 752 2885 ad
765 2813 1010 2912 praesulatum,
1021 2838 1132 2914 quam
1149 2814 1257 2889 David

192 2925 394 3027 reprobatis
406 2956 425 3001 a
438 2929 600 3002 Samuele
610 2930 862 3029 primogenitis
873 2927 1047 3005 fratribus
1061 2930 1100 3002 in
1113 2956 1257 3030 prount>

192 3045 293 3120 tione
310 3046 353 3119 ad
370 3073 534 3147 regnum.
554 3047 612 3119 Sic
629 3046 775 3121 Hoellns
791 3047 1108 3121 cenomannorum
1127 3048 1255 3148 praesul

193 3162 306 3232 factus
318 3177 390 3249 est,
408 3177 444 3235 et
460 3161 656 3260 pontificali
675 3177 861 3236 stemmate
872 3189 937 3261 per
948 3187 996 3235 xv
1011 3187 1126 3236 annos
1138 3178 1256 3237 sancte

192 3279 403 3378 perfunctus
417 3295 483 3353 est.
499 3279 747 3378 Episcopalem
759 3277 961 3364 basilicam,
981 3279 1018 3351 in
1036 3305 1106 3378 qna
1128 3304 1256 3380 corpus

193 3396 304 3468 sancti
317 3395 449 3469 Juliani
464 3395 691 3482 confessoris,
707 3396 816 3495 primi
830 3397 1152 3470 cenomannorum
1164 3422 1256 3496 prae·

192 3514 277 3586 sulis
292 3516 497 3615 requiescit,
512 3530 549 3588 et
560 3513 626 3585 alia
640 3512 736 3588 bona
752 3539 860 3612 opera
872 3512 1042 3584 Ecclesiae
1057 3512 1122 3585 Dei
1136 3538 1256 3588 necea

193 3634 281 3704 saria
306 3631 461 3707 condere
484 3633 619 3732 coepit,
642 3648 678 3706 ct
702 3659 769 3730 pro
791 3632 963 3730 temporis
985 3631 1256 3729 opportunitate

192 3776 273 3848 quae
305 3767 423 3850 coepta
455 3765 560 3824 erant
587 3748 758 3849 perlicere
786 3747 937 3821 studuit.
968 3747 1051 3840 Quo
1084 3745 1255 3823 defuncto

193 3867 352 3964 egregins
381 3867 601 3939 versificator
633 3864 862 3938 Hildebertus
897 3863 1086 3949 successit,
1116 3879 1154 3937 et
1183 3861 1255 3938 lere

194 4005 266 4051 xxx
289 3983 391 4053 annis
414 3980 644 4081 praesulatum
670 3978 893 4053 laudabiliter
917 3979 1044 4051 tenuit.
1070 3978 1253 4052 Basilicam

194 4123 279 4168 vero
304 4098 492 4197 episcopii,
517 4124 625 4197 quam
644 4096 881 4196 praedecessor
904 4098 977 4195 ejus
1007 4094 1251 4181 inchoaverat,

195 4215 476 4296 consummarit,
494 4230 625 4284 etcum
641 4213 776 4314 ingenti
795 4211 1015 4313 populorum
1029 4210 1190 4308 tripudio
1204 4234 1253 4282 ve·
