2910 4980
196 407 256 468 340
469 401 653 463 HISTORIA
676 401 980 462 ECCLRSIASTICA.

195 527 252 598 nis
273 525 374 598 ducis
392 521 508 597 filium
533 521 601 595 sibi
631 548 750 622 regem
781 523 1033 621 praeiecerunt.
1060 522 1257 612 Maximus,

195 639 429 714 Taurinensis
454 640 659 739 episcopus,
687 639 725 712 in
753 635 979 712 sermonibus
999 637 1260 737 componendis

192 757 367 833 facundus
385 755 549 830 habetur.

196 963 235 998 ιο.
317 987 319 991 ,
333 940 445 999 Profuit
457 939 576 997 eeclesia
590 951 700 996 sanctus
711 941 840 997 silvester
852 942 982 1006 honeste3

331 1031 424 1100 Quam
432 1031 507 1103 juste
519 1031 607 1096 rexit,
621 1029 744 1102 prudens
757 1040 786 1084 et
798 1028 982 1103 amplificavit.

193 1198 260 1270 Hic
273 1224 341 1271 vni
355 1199 472 1286 annis,
487 1212 650 1296 tempore
665 1198 795 1272 Leonis
810 1221 925 1294 papae,
944 1195 1120 1271 Clodione
1133 1213 1171 1269 et
1187 1196 1260 1268 Me·

190 1341 302 1388 roveo
319 1311 553 1413 regnantibus
570 1315 609 1387 in
625 1312 794 1403 Francia,
811 1312 953 1385 claruit.

195 1521 235 1555 11.
329 1495 432 1553 Praesul
444 1495 598 1562 Melsonus,
610 1495 705 1551 divino
718 1495 847 1570 dogmate
858 1494 958 1561 fultus,

331 1586 430 1642 Extitit
441 1587 471 1641 in
482 1585 586 1660 populo
601 1584 763 1640 venerabilis
774 1583 899 1658 undique
909 1593 1012 1657 pastor.

191 1755 259 1826 Hic
287 1778 325 1825 rx
351 1754 454 1827 annis
476 1751 544 1825 sub
570 1752 751 1825 Martiano
780 1767 816 1825 et
842 1751 1095 1826 Valentiniano
1120 1753 1254 1852 viguit,

191 1870 338 1970 quando
354 1871 428 1944 Leo
444 1895 532 1968 papa
550 1885 677 1942 contra
693 1871 858 1943 Euticem
875 1884 912 1943 et
926 1871 1147 1944 Dioscorum
1164 1868 1257 1969 apud

191 1984 453 2060 Chalcedonem
464 1983 644 2086 synodum
656 2009 778 2058 ucxxx
789 1987 1040 2085 episcoporum
1050 1983 1254 2059 celebravit,

192 2106 299 2178 Tunc
311 2103 462 2204 Hengist
473 2118 510 2175 et
522 2105 636 2176 Horsa
648 2129 730 2176 cum
742 2101 942 2177 Saxonibus
953 2119 990 2177 et
1003 2103 1128 2205 Angiis
1142 2102 1257 2177 tribus

193 2222 311 2323 longis
323 2219 474 2293 navibus
489 2221 528 2294 in
543 2221 769 2294 Britanniam
782 2219 917 2295 advecti
931 2237 1036 2307 sunt,
1052 2238 1089 2295 et
1104 2249 1123 2294 a
1139 2221 1259 2297 Vorti-

192 2365 306 2438 gerno
322 2363 404 2437 rege
420 2352 547 2412 contra
564 2338 684 2413 Pictos
700 2339 853 2438 suscepti
868 2354 966 2411 sunt.
988 2340 1093 2412 Tunc
1104 2341 1258 2414 Germa-

192 2482 262 2527 nus
274 2443 576 2529 Autisiodorensis
591 2454 807 2529 mirabiliter
824 2455 962 2529 floruit.

198 2646 238 2681 rr.
333 2625 455 2699 lnclytus
466 2626 594 2694 antistes,
607 2625 703 2700 populi
716 2637 808 2682 custos
819 2645 930 2702 quoque
943 2645 1054 2702 perpes,

334 2717 461 2790 Suscepit
472 2715 565 2771 sedem
577 2715 736 2772 Germanus
746 2717 785 2788 (ι)
795 2716 989 2791 pontificalem.

196 2871 263 2941 Hic
280 2894 343 2941 riu
364 2870 487 2956 annis,
512 2866 715 2943 Girilderico
739 2868 937 2969 imperante
959 2871 1069 2944 Gallis
1087 2887 1123 2945 et
1141 2875 1257 2946 Leone

196 2984 319 3072 Latiis,
330 2983 472 3056 claruit,
483 2983 808 3059 TuncTheodorus
816 2986 1003 3086 episcopus
1013 2986 1132 3087 Cyriae
1140 2986 1258 3062 Eccle-

195 3101 369 3174 siastioam
387 3098 573 3173 historiam
598 3101 760 3202 scripsit,
784 3128 802 3174 a
820 3101 892 3177 fine
913 3102 1092 3178 librorum
1113 3104 1255 3178 Eusebii

198 3218 377 3320 usquead
402 3232 544 3316 tempus
569 3230 703 3291 su‘um:
732 3217 768 3292 id
786 3236 839 3293 est
862 3246 973 3322 usque
998 3219 1042 3293 ad
1067 3222 1256 3323 imperium

197 3337 347 3424 Leonis,
367 3332 434 3406 sub
451 3361 526 3435 quo
545 3352 711 3435 mortuus
729 3353 796 3410 est.

200 3503 241 3560 15.
339 3504 507 3559 commissos
519 3504 606 3559 ooluit
617 3506 807 3575 Crescentiur,
821 3526 852 3562 ae
865 3506 1004 3563 decoravit

337 3594 462 3649 Moribus
474 3596 608 3668 egregiis,
622 3596 780 3670 virtuteque
792 3613 915 3653 crescere
927 3597 1002 3653 fecit.

200 3753 266 3822 Hic
284 3775 371 3823 xxvr
395 3753 517 3838 aunis,
543 3767 703 3851 tempore
726 3752 852 3826 Hilarii
880 3779 981 3852 papae
1002 3769 1038 3826 et
1062 3753 1254 3853 Simplicii,

235 4090 272 4156 (ι)
292 4087 367 4139 Tout
383 4104 412 4138 ce
429 4085 512 4157 qu'on
531 4087 582 4138 sair
599 4086 633 4139 de
649 4107 680 4142 re
695 4088 795 4159 proin,
818 4089 884 4143 c'est
896 4089 964 4160 qu'ii
977 4089 1069 4143 assista
1087 4105 1121 4141 au
1140 4087 1255 4160 premier

201 4174 304 4227 concilo
319 4174 352 4227 dr
367 4175 457 4227 'i'ours
469 4192 502 4229 en
519 4173 578 4239 461.
