2910 4980
132 418 293 500 [seo-sn]
500 419 614 481 raons
635 419 812 482 rannus.
1171 426 1190 486 s

133 543 374 640 Rotomagum
384 539 619 629 devastarent,
629 542 754 640 jacuit.
765 541 806 612 ln
816 538 940 614 diebus
951 541 1091 641 praelati
1104 569 1191 645 pon·

135 657 261 744 tificis,
291 671 433 729 sanctus
458 658 741 757 Wandregisilus
775 658 898 757 ingens
931 660 1193 734 monachorum

135 802 260 877 agmen
276 773 489 847 Fontinellae
503 774 689 865 adunavit,
704 789 740 848 et
755 773 879 847 beatus
892 773 1108 850 Philibertus
1121 778 1195 851 for·

138 895 182 964 tis
192 889 590 992 siguiscrinsignisaciei
602 891 1143 991 apudGemmeticumemicuit(
1168 894 1194 991 ).

138 1007 355 1081 Praecodenti
373 1031 517 1105 quoque
534 1023 720 1105 tempore:
740 1005 808 1080 hoc
824 1022 877 1080 est
891 1006 978 1079 dum
995 1008 1196 1107 Hilpericus

139 1141 176 1199 et
201 1122 450 1197 childebertus
477 1149 586 1222 nepos
615 1127 689 1221 ejus
715 1125 859 1196 Francis
889 1124 1134 1225 imperabant,
1162 1142 1198 1201 et

140 1240 247 1341 regali
275 1240 488 1315 auctoritate
515 1240 673 1312 insontes
700 1266 718 1310 a
745 1240 917 1336 perversis
944 1237 1196 1333 defensabant,

140 1355 339 1454 Bajocensis
351 1353 525 1425 Ebrulfus
540 1353 577 1426 in
591 1353 750 1426 Uticensi
762 1353 867 1441 saltu,
880 1354 1034 1453 angelica
1050 1355 1203 1429 demon·

143 1473 315 1544 sanatione
328 1471 468 1556 doctus,
484 1471 740 1545 monasterium
756 1470 985 1556 instauravit,
1000 1487 1037 1543 et
1049 1486 1202 1571 agrestes

145 1587 297 1671 incolas,
316 1584 377 1686 qui
404 1585 538 1685 rapinis
563 1601 599 1658 et
620 1585 817 1657 latrociniis
839 1600 923 1659 ante
943 1585 1200 1675 deservierant,

145 1702 324 1788 correxit,
347 1716 384 1774 et
405 1702 581 1774 doctrinae
605 1698 739 1800 pabulo
761 1726 801 1773 ac
823 1702 1079 1776 miraculorum
1103 1703 1206 1777 exhi-

145 1818 284 1892 bitione
301 1816 344 1889 ad
360 1817 520 1890 melioris
535 1817 619 1890 vitae
636 1819 728 1889 viam
746 1818 954 1915 provocavit
972 1819 1043 1916 (a).
1062 1819 1122 1891 Sic
1139 1821 1209 1894 Do·

147 1935 268 2007 minus
285 1933 362 2005 aliis
378 1934 485 2006 etiam
502 1933 538 2005 in
558 1935 645 2007 locis
665 1958 729 2032 per
746 1933 863 2009 bonos
883 1936 1053 2034 agricolas
1069 1936 1210 2010 vineam

149 2079 248 2124 suam
266 2051 491 2151 propagavit,
505 2066 542 2124 et
556 2050 679 2123 salutis
693 2076 765 2122 suae
781 2051 1008 2125 dulcedinem
1021 2053 1210 2127 Gallorum

150 2167 318 2241 cordibus
337 2166 493 2240 ubertim
513 2166 659 2238 inludit.

198 2286 392 2382 Postquam
408 2308 559 2382 regnum
578 2282 821 2370 Francorum,
840 2283 981 2357 favente
1001 2285 1093 2373 Deo,
1112 2285 1213 2360 valde

151 2425 256 2498 super
272 2399 404 2469 vicinas
420 2414 542 2498 gentes
560 2397 792 2469 sublimatum
809 2414 881 2488 est,
903 2414 940 2470 et
962 2399 1212 2498 frequentibus

153 2514 342 2613 triumphis
359 2540 483 2614 regum
496 2539 644 2586 suorum
657 2514 818 2614 Pippini,
834 2514 1024 2614 Carolique
1040 2517 1159 2615 Magni
1177 2531 1214 2590 et

152 2632 322 2704 Ludovici
339 2631 393 2702 Pii
410 2630 596 2702 dilatatum
613 2647 684 2718 est,
708 2632 817 2702 nimia
836 2631 1009 2729 cupiditas
1029 2648 1065 2705 et
1086 2657 1214 2732 super·-

152 2748 210 2820 bia
228 2764 335 2848 atque
356 2747 468 2820 libido
490 2751 543 2843 (5)
562 2773 727 2846 proceres
750 2763 786 2818 et
809 2748 1024 2836 mediocres,
1048 2748 1214 2822 infimos-

187 3010 226 3078 (r)
244 3008 321 3064 Saint
332 3006 429 3076 Oucn,
444 3006 493 3080 qui
506 3005 576 3060 u'est
590 3022 636 3077 pas
649 3014 722 3058 mort
735 3022 770 3057 en
779 3002 846 3078 678,
862 3004 930 3057 mais
943 3022 977 3057 en
989 3002 1051 3070 685,
1066 3006 1214 3061 nesaurait

152 3099 213 3154 etre
225 3097 341 3171 regarde'
360 3114 467 3151 comme
480 3095 507 3150 le
519 3093 650 3149 veritable
664 3093 810 3148 londatcur
828 3093 866 3148 du
880 3095 1034 3148 monestere
1048 3093 1083 3148 de
1099 3095 1213 3150 [ommes

152 3184 190 3241 de
206 3185 339 3256 champ,
353 3183 482 3250 institue,
497 3180 611 3245 eneas,
626 3199 676 3253 par
688 3182 760 3234 saint
773 3181 971 3254 Waningeson
988 3183 1211 3254 contempsi-ain,

153 3290 253 3328 encore
266 3272 356 3326 moins
368 3270 404 3324 de
416 3269 487 3324 celui
501 3268 536 3323 de
549 3269 739 3324 Saint-Pierre
757 3267 792 3322 de
813 3269 925 3335 Rauen,
945 3269 994 3342 qui
1013 3270 1071 3342 prit
1082 3287 1132 3324 son
1145 3287 1211 3324 nom

153 3365 233 3436 apres
254 3379 309 3436 que
329 3379 371 3416 ses
390 3360 510 3434 reliques
526 3369 655 3432 yeurent
668 3360 712 3413 e'te
726 3358 870 3432 deposees,
893 3360 961 3413 mais
974 3359 1023 3432 qui
1037 3369 1163 3413 remonte
1176 3378 1212 3414 au

154 3455 245 3509 molus
262 3451 392 3526 jusqn'au
412 3452 499 3523 regne
518 3449 553 3504 de
574 3449 696 3505 Clotaire
714 3450 758 3504 l“.
782 3452 818 3504 la
837 3449 980 3503 fondation
998 3448 1033 3503 de
1053 3447 1213 3504 Fontenells

153 3545 164 3612 (
171 3539 349 3613 aujourd'hui
361 3536 640 3607 saint-Wandmlle),
652 3547 700 3591 eut
713 3536 767 3591 lieu
779 3555 815 3591 en
826 3537 889 3603 648,
903 3547 932 3590 et
944 3535 1012 3590 celle
1023 3534 1059 3589 de
1070 3537 1212 3610 Jumieges

154 3648 190 3685 en
200 3629 262 3696 654.
277 3629 316 3684 Ce
328 3644 363 3682 ne
373 3637 436 3682 sont
449 3627 529 3700 point
546 3624 609 3692 165,
623 3626 691 3680 mais
704 3623 752 3680 158
764 3643 813 3680 ans
825 3625 874 3698 qui
888 3623 1068 3679 s'ecoulerent
1081 3636 1160 3682 entre
1174 3627 1213 3682 les

154 3719 312 3775 tuneniues
325 3718 360 3773 de
373 3719 446 3772 saint
457 3717 541 3773 Oueu
555 3726 584 3772 et
596 3716 738 3771 l'invasion
752 3714 848 3769 deson
861 3715 1016 3769 monestere
1027 3733 1076 3788 par
1089 3715 1127 3771 les
1139 3717 1213 3773 Nor·

155 3807 253 3863 mande
263 3826 297 3862 en
310 3807 372 3874 841.

190 3899 228 3971 (a)
241 3897 318 3953 Saint
332 3885 454 3962 Evroult
462 3895 613 3968 originaire
623 3894 658 3948 de
670 3895 855 3965 Bayeux,vint
863 3913 926 3948 avec
935 3897 1003 3948 trois
1013 3912 1210 3969 compagnons,

155 3990 205 4044 des
216 3986 281 4053 560,
294 3985 415 4042 s'etablir
427 3985 496 4040 dans
505 3985 542 4039 les
555 3995 641 4038 vastes
654 3984 786 4039 solitudes
797 3984 831 4038 de
843 3984 869 4039 la
882 3984 954 4041 soret
966 3984 1103 4041 d¹0uche

191 4075 231 4147 (3)
245 4078 282 4131 le
293 4074 481 4129 reldchernent
492 4072 541 4127 des
561 4088 664 4127 moeurs
676 4083 705 4126 ct
717 4072 971 4145 particulierement
983 4073 1018 4128 de
1030 4072 1055 4128 la
1071 4074 1216 4148 discipline

154 4165 360 4239 eoelesimiqne
377 4172 504 4218 remonte
515 4161 581 4218 bien
595 4161 658 4236 plus
675 4163 745 4217 haut
760 4180 815 4237 que
828 4173 908 4218 notre
921 4173 1021 4219 autem
1034 4182 1069 4219 ne
1083 4164 1217 4240 l’iudique

230 4279 270 4326 u.
1047 4255 1071 4303 *
