2926 4980
197 363 258 425 384
472 363 656 426 HlsTOth
677 364 980 427 Ecctsssttsttct.
1056 368 1250 449 [blm-1078]

199 486 239 553 in
259 498 369 584 prato
393 499 604 581 pascentem
619 484 910 579 ferocissimum.
943 483 1115 584 Undique
1142 485 1251 558 stabat

198 597 391 670 multitudo
420 615 685 686 annentomm,
712 625 796 698 quae
821 601 931 672 nimis
957 601 1252 703 concupiscebant

197 715 394 818 depascere
405 731 577 814 proteum
596 715 664 788 sed
683 720 807 788 omnia
815 715 989 814 semidea
1007 720 1158 820 sonipes
1176 716 1251 791 abi·

194 831 324 931 gebat,
345 858 413 905 nec
428 831 585 931 aliquod
597 832 742 906 animal
762 832 850 906 illuc
872 835 1020 907 mtroite
1035 834 1197 923 sinebat,
1220 849 1252 907 tt

185 948 305 1046 flores
322 946 527 1047 decerpam
540 947 602 1020 vel
612 950 788 1047 grandna
801 948 1047 1022 conculcaret.
1068 949 1171 1022 Pmtt
1190 948 1253 1023 do·

199 1065 273 1138 lor!
286 1064 434 1163 elegans
444 1081 479 1136 et
477 1066 595 1160 sortis
607 1067 775 1166 conopes
785 1065 904 1139 subito
916 1065 1088 1164 deficiam
1102 1068 1251 1158 evanuit,

197 1196 231 1250 et
247 1179 436 1252 lasciviam
452 1205 572 1251 vacca
589 1180 738 1251 tutelam
751 1185 859 1280 prati
865 1179 1040 1277 florentis
1063 1180 1121 1252 ad
1142 1197 1254 1255 custo·

198 1296 374 1370 diendum
388 1298 559 1394 suscepit.
577 1297 753 1370 Protinus
770 1299 889 1369 omnis
904 1296 1125 1369 animalium
1140 1298 1254 1370 multi·

199 1417 285 1486 tudo
302 1414 612 1484 circumstantium
627 1411 717 1485 illuc
730 1411 841 1485 libere
855 1414 1034 1500 accurrit,
1052 1429 1088 1484 et
1102 1415 1254 1514 undiquc

193 1547 341 1627 pratum
362 1527 583 1629 depascens,
611 1554 752 1601 omnem
777 1530 858 1629 ejus
880 1531 1073 1629 pn'stinwn
1099 1528 1255 1602 decom

199 1645 336 1743 absque
364 1661 458 1715 metu
486 1642 688 1739 definsoris
710 1644 912 1733 decemvit,
933 1644 1097 1745 pedibus
1120 1647 1256 1747 passim

200 1758 439 1848 conculcavit,
455 1773 490 1830 et
504 1760 671 1831 stercoris
684 1759 844 1858 pmluoie
857 1759 1153 1833 commaculavit.
1170 1760 1255 1833 Hac

198 1877 328 1950 cidens
352 1873 546 1974 obstupui,
575 1891 609 1946 et
633 1901 659 1947 a
684 1875 832 1949 ductore
857 1901 956 1966 meo,
986 1879 1052 1975 qui
1070 1875 1155 1950 luec
1172 1877 1256 1949 ntibi

199 1991 422 2078 ostendebat,
431 1991 524 2091 quid
532 1993 783 2092 significarent
793 1995 975 2092 inquisiti.
989 1994 1043 2065 At
1056 1993 1122 2065 ille
1131 2010 1255 2067 cuuto

198 2112 392 2210 diligenter
400 2135 597 2208 exponens,
608 2109 806 2183 dicitmibi
815 2139 825 2182 :
839 2112 1023 2184 «Pratum
1033 2111 1252 2211 quodoides,

200 2231 220 2296 α’
232 2224 419 2326 significat
427 2225 715 2314 Νοηηαηηίαιη,
728 2243 762 2298 et
774 2226 894 2299 herba
905 2225 1175 2300 multitudinem
1183 2228 1254 2330 plo·

200 2375 218 2412 a
235 2342 290 2415 bis
317 2343 355 2412 in
378 2366 572 2441 capacem
596 2340 760 2414 labentis
787 2359 821 2414 et
841 2369 960 2414 rerum
982 2340 1253 2416 abundantiam

200 2492 218 2528 a
235 2458 362 2531 Floras
377 2472 499 2528 autem
508 2474 592 2529 suut
604 2457 783 2546 ecclesiae,
798 2458 863 2530 ubi
873 2457 1137 2531 monachorum
1151 2476 1188 2530 et
1197 2458 1256 2532 cle·

200 2609 218 2647 «
234 2579 404 2666 uicorum
416 2574 821 2675 sanctimonialiumque
830 2592 915 2647 sunt
926 2574 1086 2648 cobortes
1092 2575 1251 2676 pudica,

200 2727 218 2763 «
235 2694 299 2766 ubi
295 2691 435 2786 fideles
444 2696 581 2763 anima
597 2691 840 2765 indesinenter
854 2691 1149 2792 inbaeremfidcli
1163 2690 1253 2765 theo

200 2843 218 2880 κ
233 2814 311 2882 rice.
331 2811 446 2880 Pom
462 2808 607 2905 effluis
625 2808 792 2881 caballus
810 2807 1009 2910 pratendit
1026 2807 1254 2880 Guillslmton

199 2960 217 2997 a
233 2951 352 3026 regem
359 2925 577 3021 Διιςῖοηιιη,
586 2924 771 3025 subcujus
779 2921 1256 3023 defensionesacerotdodt·

198 3078 216 3114 a
233 3060 393 3119 totorum
407 3067 532 3115 secure
545 3041 679 3114 militat
693 3045 774 3142 regi
788 3042 1015 3142 angelorum.
1034 3040 1163 3115 Avida
1173 3064 1254 3115 vem

199 3191 217 3229 a
233 3157 428 3245 animalia,
439 3182 522 3256 quae
532 3158 782 3248 circumstant,
793 3157 1028 3230 scnemata·
1034 3171 1069 3227 et
1078 3156 1254 3243 Britonet,

199 3309 217 3349 a
234 3276 375 3349 Morini
384 3292 419 3346 et
438 3274 720 3373 Andegaoenses
728 3330 742 3364 ,
761 3274 919 3374 aliaque
932 3289 1058 3373 gentes
1074 3272 1256 3347 collimita-

200 3427 218 3464 «
234 3420 331 3482 nea,
351 3419 434 3492 qua
453 3394 562 3465 nimis
579 3392 737 3466 incident
745 3389 927 3490 felicitati
941 3391 1208 3479 Nomento,
1226 3406 1256 3463 et

199 3543 218 3581 a
229 3527 376 3613 paratae
388 3525 485 3598 sunt,
501 3508 599 3581 velut
614 3509 697 3611 lupi
705 3508 949 3611 adpraedam,
963 3533 1052 3608 opes
1065 3509 1150 3607 ejus
1166 3509 1255 3580 invo-

200 3661 218 3697 «
234 3628 336 3713 dere;
348 3626 417 3699 sed
425 3626 616 3699 Guillelmi
625 3628 720 3725 regis
725 3629 874 3727 penitus
884 3624 1256 3725 repelbcnturinm'nci·

201 3776 220 3814 a
234 3743 300 3816 bili
303 3741 536 3837 fortitudine.
554 3744 596 3815 V
592 3769 692 3814 emm
704 3760 900 3842 postquam
915 3744 993 3840 ipse
1006 3736 1180 3839 defecerit
1189 3762 1254 3834 pm

201 3891 219 3929 α
235 3859 397 3931 bantana
407 3857 626 3948 conditione,
638 3857 951 3958 Rodbertusfilius
964 3861 1041 3957 ejus
1050 3859 1085 3927 ei
1093 3853 1254 3928 succedet

201 4006 218 4041 a
236 3980 273 4045 in
285 3973 422 4046 ducatu
433 3974 683 4047 Normannice.
699 3977 797 4048 Mox
807 3974 968 4074 medique
977 3972 1091 4044 bostcs
1101 3997 1182 4043 eam
1195 3973 1254 4042 cir-

201 4121 218 4156 «
236 4091 476 4179 cumdobuat,
497 4111 530 4163 et
552 4110 665 4166 tutore
687 4093 792 4194 lapso
815 4091 970 4164 nobilem
993 4107 1027 4162 et
1050 4089 1252 4190 opulentam
