2910 4980
192 398 279 474 [aa
294 393 484 468 mamma]
565 388 682 450 arnna
702 387 881 452 rannus.
1217 394 1258 456 95

190 510 372 587 Herberto
393 509 567 583 Antistite
589 511 644 608 (1)
664 509 803 597 fuerat3
818 522 942 607 postea
965 508 1090 583 rolens
1109 512 1257 584 arctiori

191 623 717 726 normaconetringi,habitum
726 624 932 701 saecularem
941 624 1153 727 reliquerat,
1166 627 1257 700 etad

191 766 330 816 novum
338 740 548 815 ooenobium
562 738 662 842 quod
670 738 882 813 Gotcelinus
891 738 936 814 de
948 737 1078 813 Archia
1087 741 1125 812 in
1133 758 1258 815 monte

191 859 347 936 Rodomi
359 875 493 932 eanetae
505 858 676 931 Trinitati
686 856 931 945 construebat,
940 856 1003 931 ubi
1017 872 1106 931 tnnc
1115 882 1259 931 venna·

191 976 275 1050 bilis
288 975 504 1050 isembertus
523 972 649 1061 abbae,
668 973 726 1045 vir
737 974 843 1046 mirae
858 973 1000 1074 peritiae
1015 974 1150 1049 nostris
1170 990 1259 1048 tern-

190 1091 345 1193 poribm
376 1089 685 1191 incomparabilis,
711 1088 897 1189 pollebat,
924 1117 1044 1164 mores
1068 1093 1258 1166 emendare

191 1209 390 1282 secundnm
413 1206 674 1307 beneplacitam
697 1206 922 1281 voluntatem
945 1207 1011 1280 Dei
1031 1207 1256 1308 confugerat.

190 1326 300 1398 Hunc
322 1325 512 1397 Raineriue
532 1321 640 1397 abbae
657 1321 844 1397 isemberti
866 1349 1050 1399 successor
1057 1327 1136 1425 jam
1150 1326 1188 1397 in
1202 1352 1260 1401 or·

190 1441 483 1542 dineprobatum
491 1440 535 1514 ad
548 1440 831 1515 construendum
844 1439 1054 1515 coenobium
1065 1443 1260 1515 Cormeliaa

190 1560 313 1646 misit,
331 1557 396 1632 ubi
418 1576 506 1632 tunc
523 1559 697 1657 temporis
713 1557 906 1656 praeclarus
924 1557 1031 1632 heros
1045 1558 1259 1634 Willermus

190 1673 346 1748 Oeberni
360 1675 456 1748 fliius
467 1673 605 1774 dapifer
618 1672 915 1746 Normennornm
927 1671 1106 1746 abbatiam
1127 1691 1260 1747 sanctae

189 1792 258 1865 Dei
280 1790 447 1890 genitrici
473 1791 598 1862 Mariae
622 1787 778 1862 condere
802 1789 930 1887 eoepit.
956 1790 1114 1889 Depulso
1138 1807 1259 1863 antem

192 1906 383 1983 Radberto
393 1906 523 1981 abbate
534 1906 578 1980 de
591 1907 675 1981 loco
684 1931 764 1996 ano,
777 1921 818 1979 ut
831 1933 937 2006 supra
950 1908 1180 1981 satisdictum
1191 1924 1259 1999 est,

192 2020 377 2096 Osbemua
391 2023 534 2123 ignarus
543 2037 582 2096 et
591 2022 725 2095 iniitnr
736 2020 781 2094 ad
793 2021 1141 2120 regimenUticensis
1152 2023 1261 2096 eccie-

192 2138 256 2211 aiae
270 2153 471 2238 :asumptus
488 2153 558 2226 est3
578 2162 656 2238 queo
669 2162 736 2235 per
754 2137 916 2235 quinque
937 2162 1053 2210 annos
1067 2154 1104 2211 et
1121 2163 1261 2212 mentes

194 2268 281 2343 uer,
291 2271 403 2352 prout
413 2255 547 2327 eaevitia
563 2254 678 2353 iniqui
693 2251 869 2349 temporis
878 2252 1056 2351 permisit,
1068 2252 1261 2354 diligenter

192 2371 384 2444 etutiliter
395 2372 534 2470 potitus
547 2386 615 2444 est.

242 2489 312 2561 Hie
321 2487 513 2589 quemdam
525 2486 681 2561 ecclesiae
693 2513 766 2558 suae
779 2484 997 2558 monachum
1010 2485 1114 2562 valde
1126 2489 1263 2589 sapien·

194 2622 270 2679 tem
279 2621 316 2679 et
324 2605 531 2706 religiosum
541 2601 960 2678 nomineWitmundum
970 2605 1146 2702 permissu
1157 2605 1263 2680 ahba-

195 2723 243 2794 tie
254 2723 310 2794 sui
324 2746 445 2794 aecum
458 2719 626 2809 adduxit,
640 2723 740 2818 eujus
751 2719 900 2791 monitis
914 2734 951 2791 et
962 2721 1103 2792 auxiliis
1114 2747 1199 2795 uana
1210 2742 1263 2797 est

195 2835 472 2940 quamdiuepud
484 2836 746 2911 Utieumvirit.
760 2833 935 2908 Praefatus
943 2836 1264 2940 monachuagram·

195 2956 337 3029 maticae
354 2957 441 3028 artis
458 2970 496 3027 et
510 2955 657 3027 musieae
678 2953 913 3054 peritissimus
930 2969 1027 3044 (τηις
1039 2955 1139 3055 quod
1156 2955 1263 3032 nohis

195 3071 313 3145 adhue
338 3087 514 3146 testantur
538 3071 747 3170 antiphonae
768 3085 806 3144 et
827 3073 1054 3171 responsoria
1079 3100 1162 3173 quae
1190 3077 1264 3175 ipse

195 3185 420 3262 condiderat.
438 3189 562 3261 Plures
581 3188 678 3261 enim
693 3186 898 3261 dulcisonos
917 3204 1042 3262 cantus
1059 3190 1096 3262 iu
1115 3192 1264 3291 tropha-

196 3304 255 3378 rio
277 3304 336 3403 (a)
360 3318 397 3377 et
416 3304 672 3405 antiphonario
696 3303 820 3378 edidit.
847 3305 914 3376 Hic
938 3304 1126 3379 historiam
1150 3310 1262 3380 sancti

198 3423 310 3523 patris
334 3421 506 3511 Ebruifi,
533 3422 661 3494 additis
688 3448 821 3496 novem
847 3421 1057 3520 antiphonis
1081 3440 1120 3497 et
1147 3423 1264 3500 tribus

238 3698 278 3769 (a)
290 3697 429 3768 uerbere,
447 3700 549 3775 dvdque
569 3699 604 3755 de
616 3699 725 3754 Lisieux
743 3700 943 3773 (rona-1049).
958 3698 1012 3754 Sur
1021 3699 1049 3754 le
1062 3714 1180 3760 convent
1193 3704 1228 3760 de
1239 3705 1265 3763 la

200 3786 478 3860 Τήιίἱέ-ἁα-Μουῑ,
498 3791 561 3864 pree
575 3789 689 3859 Rauen,
704 3799 733 3844 et
746 3806 797 3844 aon
808 3789 931 3864 premier
942 3789 1170 3865 athelmum,
1184 3815 1266 3871 voyez

201 3876 350 3955 odeum,
360 3896 431 3953 page
445 3897 486 3936 aa.

236 3970 277 4038 (a)
290 3966 365 4022 Linea
377 3970 516 4041 imperim
528 3968 568 4025 loe
583 3970 706 4042 tropario
719 3969 822 4024 dtaient
838 3968 887 4023 des
899 3968 1015 4024 recueile
1027 3969 1062 4025 de
1075 3981 1183 4047 nopes,
1197 3978 1268 4050 peti·

201 4057 356 4199 teaupideee
371 4057 407 4114 de
425 4057 525 4128 chent,
547 4059 595 4134 qui
615 4057 792 4133 prdoedaient
811 4058 930 4114 l'introi't
948 4058 1016 4114 dane
1031 4058 1071 4115 les
1089 4060 1158 4119 fater
1175 4064 1266 4121 solen-

203 4162 240 4200 ne
259 4163 298 4201 es.
