<?xml version="1.0" encoding="UTF-8"?>
<!DOCTYPE html PUBLIC "-//W3C//DTD XHTML 1.0 Transitional//EN"
    "http://www.w3.org/TR/xhtml1/DTD/xhtml1-transitional.dtd">
<html xmlns="http://www.w3.org/1999/xhtml" xml:lang="en" lang="en">
 <head>
  <title>
</title>
<meta http-equiv="Content-Type" content="text/html;charset=utf-8" />
  <meta name='ocr-system' content='tesseract 3.04.00' />
  <meta name='ocr-capabilities' content='ocr_page ocr_carea ocr_par ocr_line ocrx_word'/>
</head>
<body>
  <div class='ocr_page' id='page_1' title='image "./ordericivitalis01deligoog/ordericivitalis01deligoog_0190.png"; bbox 0 0 2910 4980; ppageno 0'>
   <div class='ocr_carea' id='block_1_1' title="bbox 188 418 1265 1106">
    <p class='ocr_par' dir='ltr' id='par_1_1' title="bbox 188 418 1265 1106">
     <span class='ocr_line' id='line_1_1' title="bbox 189 418 1257 500; baseline -0.003 -16"><span class='ocrx_word' id='word_1_1' title='bbox 189 424 304 500; x_wconf 76' lang='lat'><strong>[1067]</strong></span> <span class='ocrx_word' id='word_1_2' title='bbox 551 418 669 480; x_wconf 80' lang='lat' dir='ltr'>LIBER</span> <span class='ocrx_word' id='word_1_3' title='bbox 690 418 883 494; x_wconf 74' lang='lat' dir='ltr'><strong>QUARTUS.</strong></span> <span class='ocrx_word' id='word_1_4' title='bbox 1200 425 1257 481; x_wconf 89' lang='grc'>177</span> 
     </span>
     <span class='ocr_line' id='line_1_2' title="bbox 188 540 1260 644; baseline -0.002 -28"><span class='ocrx_word' id='word_1_5' title='bbox 188 542 327 644; x_wconf 89' lang='lat' dir='ltr'>inquit,</span> <span class='ocrx_word' id='word_1_6' title='bbox 347 541 480 629; x_wconf 87' lang='lat' dir='ltr'>Deum,</span> <span class='ocrx_word' id='word_1_7' title='bbox 492 540 562 633; x_wconf 83' lang='lat' dir='ltr'>fili</span> <span class='ocrx_word' id='word_1_8' title='bbox 578 545 641 630; x_wconf 88' lang='lat' dir='ltr'>mi,</span> <span class='ocrx_word' id='word_1_9' title='bbox 662 557 696 612; x_wconf 88' lang='lat' dir='ltr'>et</span> <span class='ocrx_word' id='word_1_10' title='bbox 711 542 848 641; x_wconf 81' lang='lat' dir='ltr'><em>Regem</em></span> <span class='ocrx_word' id='word_1_11' title='bbox 860 540 931 637; x_wconf 86' lang='lat'><em>(1).</em></span> <span class='ocrx_word' id='word_1_12' title='bbox 950 540 1055 611; x_wconf 82' lang='lat' dir='ltr'>Tunc</span> <span class='ocrx_word' id='word_1_13' title='bbox 1074 541 1181 613; x_wconf 90' lang='lat' dir='ltr'>etiam</span> <span class='ocrx_word' id='word_1_14' title='bbox 1199 542 1260 614; x_wconf 92' lang='lat' dir='ltr'>ali·</span> 
     </span>
     <span class='ocr_line' id='line_1_3' title="bbox 190 653 1261 758; baseline -0.003 -27"><span class='ocrx_word' id='word_1_15' title='bbox 190 672 284 758; x_wconf 88' lang='lat' dir='ltr'>quot</span> <span class='ocrx_word' id='word_1_16' title='bbox 298 655 548 754; x_wconf 80' lang='lat' dir='ltr'>sapientissimi</span> <span class='ocrx_word' id='word_1_17' title='bbox 567 656 701 727; x_wconf 92' lang='lat' dir='ltr'>civium</span> <span class='ocrx_word' id='word_1_18' title='bbox 713 653 956 742; x_wconf 88' lang='lat' dir='ltr'>urbanorum,</span> <span class='ocrx_word' id='word_1_19' title='bbox 978 669 1014 727; x_wconf 90' lang='lat' dir='ltr'>et</span> <span class='ocrx_word' id='word_1_20' title='bbox 1031 655 1198 729; x_wconf 87' lang='lat' dir='ltr'>nonnulli</span> <span class='ocrx_word' id='word_1_21' title='bbox 1217 683 1261 729; x_wconf 83' lang='lat' dir='ltr'>ex</span> 
     </span>
     <span class='ocr_line' id='line_1_4' title="bbox 191 770 1258 870; baseline -0.001 -24"><span class='ocrx_word' id='word_1_22' title='bbox 191 771 370 846; x_wconf 87' lang='lat' dir='ltr'>militibus</span> <span class='ocrx_word' id='word_1_23' title='bbox 387 770 572 870; x_wconf 85' lang='lat' dir='ltr'>ingenuis,</span> <span class='ocrx_word' id='word_1_24' title='bbox 588 797 745 870; x_wconf 91' lang='lat' dir='ltr'>quorum</span> <span class='ocrx_word' id='word_1_25' title='bbox 763 796 896 844; x_wconf 90' lang='lat' dir='ltr'>nomen</span> <span class='ocrx_word' id='word_1_26' title='bbox 915 786 951 844; x_wconf 89' lang='lat' dir='ltr'>et</span> <span class='ocrx_word' id='word_1_27' title='bbox 967 797 1053 870; x_wconf 92' lang='lat' dir='ltr'>opes</span> <span class='ocrx_word' id='word_1_28' title='bbox 1069 770 1258 860; x_wconf 88' lang='lat' dir='ltr'>valebant,</span> 
     </span>
     <span class='ocr_line' id='line_1_5' title="bbox 192 887 1265 991; baseline -0.001 -27"><span class='ocrx_word' id='word_1_29' title='bbox 192 888 345 965; x_wconf 88' lang='lat' dir='ltr'>etmulti</span> <span class='ocrx_word' id='word_1_30' title='bbox 359 913 402 960; x_wconf 84' lang='lat' dir='ltr'>ex</span> <span class='ocrx_word' id='word_1_31' title='bbox 414 887 564 985; x_wconf 87' lang='lat' dir='ltr'>plebeiis</span> <span class='ocrx_word' id='word_1_32' title='bbox 575 903 700 963; x_wconf 88' lang='lat' dir='ltr'>contra</span> <span class='ocrx_word' id='word_1_33' title='bbox 712 913 795 962; x_wconf 89' lang='lat' dir='ltr'>suos</span> <span class='ocrx_word' id='word_1_34' title='bbox 808 914 875 987; x_wconf 91' lang='lat' dir='ltr'>pro</span> <span class='ocrx_word' id='word_1_35' title='bbox 887 888 1108 962; x_wconf 87' lang='lat' dir='ltr'>Normannis</span> <span class='ocrx_word' id='word_1_36' title='bbox 1118 917 1265 991; x_wconf 84' lang='lat' dir='ltr'>magno-</span> 
     </span>
     <span class='ocr_line' id='line_1_6' title="bbox 194 1005 540 1106; baseline -0.012 -25"><span class='ocrx_word' id='word_1_37' title='bbox 194 1034 279 1106; x_wconf 86' lang='lat' dir='ltr'>pere</span> <span class='ocrx_word' id='word_1_38' title='bbox 296 1005 540 1105; x_wconf 82' lang='lat' dir='ltr'>insurgebant.</span> 
     </span>
    </p>
   </div>
   <div class='ocr_carea' id='block_1_2' title="bbox 242 1121 1389 1210">
    <p class='ocr_par' dir='ltr' id='par_1_2' title="bbox 242 1121 1389 1210">
     <span class='ocr_line' id='line_1_7' title="bbox 242 1121 1389 1210; baseline -0.034 -14"><span class='ocrx_word' id='word_1_39' title='bbox 242 1125 382 1196; x_wconf 80' lang='lat' dir='ltr'>luteres</span> <span class='ocrx_word' id='word_1_40' title='bbox 395 1121 605 1195; x_wconf 88' lang='lat' dir='ltr'>Willelmus</span> <span class='ocrx_word' id='word_1_41' title='bbox 616 1149 692 1210; x_wconf 83' lang='lat' dir='ltr'>rex,</span> <span class='ocrx_word' id='word_1_42' title='bbox 711 1122 798 1194; x_wconf 91' lang='lat' dir='ltr'>dum</span> <span class='ocrx_word' id='word_1_43' title='bbox 812 1139 1016 1197; x_wconf 86' lang='lat' dir='ltr'>moraretur</span> <span class='ocrx_word' id='word_1_44' title='bbox 1033 1124 1070 1196; x_wconf 95' lang='lat' dir='ltr'>in</span> <span class='ocrx_word' id='word_1_45' title='bbox 1083 1124 1262 1198; x_wconf 82' lang='lat' dir='ltr'>Nonnan.</span> <span class='ocrx_word' id='word_1_46' title='bbox 1327 1150 1341 1160; x_wconf 91' lang='lat'>..</span> <span class='ocrx_word' id='word_1_47' title='bbox 1373 1135 1389 1143; x_wconf 88' lang='lat'>--</span> 
     </span>
    </p>
   </div>
   <div class='ocr_carea' id='block_1_3' title="bbox 195 1236 1272 3324">
    <p class='ocr_par' dir='ltr' id='par_1_3' title="bbox 195 1236 1272 3324">
     <span class='ocr_line' id='line_1_8' title="bbox 195 1236 1264 1338; baseline 0.001 -28"><span class='ocrx_word' id='word_1_48' title='bbox 195 1238 276 1329; x_wconf 89' lang='lat' dir='ltr'>nia,</span> <span class='ocrx_word' id='word_1_49' title='bbox 292 1237 545 1338; x_wconf 80' lang='lat' dir='ltr'>tranquillitati</span> <span class='ocrx_word' id='word_1_50' title='bbox 561 1240 636 1336; x_wconf 89' lang='lat' dir='ltr'>ejus</span> <span class='ocrx_word' id='word_1_51' title='bbox 651 1239 688 1309; x_wconf 94' lang='lat' dir='ltr'>in</span> <span class='ocrx_word' id='word_1_52' title='bbox 707 1236 857 1336; x_wconf 85' lang='lat' dir='ltr'>longum</span> <span class='ocrx_word' id='word_1_53' title='bbox 873 1236 1114 1337; x_wconf 85' lang='lat' dir='ltr'>prospiciebat</span> <span class='ocrx_word' id='word_1_54' title='bbox 1129 1240 1264 1314; x_wconf 91' lang='lat' dir='ltr'>sollici-</span> 
     </span>
     <span class='ocr_line' id='line_1_9' title="bbox 196 1352 1264 1453; baseline 0 -27"><span class='ocrx_word' id='word_1_55' title='bbox 196 1352 322 1428; x_wconf 83' lang='lat' dir='ltr'>tudine</span> <span class='ocrx_word' id='word_1_56' title='bbox 330 1354 498 1425; x_wconf 81' lang='lat' dir='ltr'>maxima.</span> <span class='ocrx_word' id='word_1_57' title='bbox 510 1355 627 1425; x_wconf 69' lang='lat' dir='ltr'>,lustas</span> <span class='ocrx_word' id='word_1_58' title='bbox 640 1352 733 1452; x_wconf 88' lang='lat' dir='ltr'>leges</span> <span class='ocrx_word' id='word_1_59' title='bbox 746 1370 782 1426; x_wconf 90' lang='lat' dir='ltr'>et</span> <span class='ocrx_word' id='word_1_60' title='bbox 794 1369 888 1426; x_wconf 89' lang='lat' dir='ltr'>recta</span> <span class='ocrx_word' id='word_1_61' title='bbox 896 1354 1028 1453; x_wconf 91' lang='lat' dir='ltr'>judicia</span> <span class='ocrx_word' id='word_1_62' title='bbox 1042 1381 1084 1428; x_wconf 82' lang='lat' dir='ltr'>ex</span> <span class='ocrx_word' id='word_1_63' title='bbox 1095 1354 1264 1430; x_wconf 89' lang='lat' dir='ltr'>consultu</span> 
     </span>
     <span class='ocr_line' id='line_1_10' title="bbox 195 1450 1265 1571; baseline -0.001 -28"><span class='ocrx_word' id='word_1_64' title='bbox 195 1472 397 1571; x_wconf 84' lang='lat' dir='ltr'>sapientum</span> <span class='ocrx_word' id='word_1_65' title='bbox 414 1450 584 1542; x_wconf 89' lang='lat' dir='ltr'>divitibus</span> <span class='ocrx_word' id='word_1_66' title='bbox 594 1485 632 1543; x_wconf 88' lang='lat' dir='ltr'>et</span> <span class='ocrx_word' id='word_1_67' title='bbox 649 1470 864 1569; x_wconf 88' lang='lat' dir='ltr'>pauperibus</span> <span class='ocrx_word' id='word_1_68' title='bbox 880 1497 983 1571; x_wconf 87' lang='lat' dir='ltr'>aeque</span> <span class='ocrx_word' id='word_1_69' title='bbox 1000 1471 1140 1559; x_wconf 86' lang='lat' dir='ltr'>sanxit,</span> <span class='ocrx_word' id='word_1_70' title='bbox 1163 1472 1265 1570; x_wconf 90' lang='lat' dir='ltr'>opti-</span> 
     </span>
     <span class='ocr_line' id='line_1_11' title="bbox 196 1587 1264 1688; baseline -0.001 -27"><span class='ocrx_word' id='word_1_71' title='bbox 196 1614 348 1688; x_wconf 86' lang='lat' dir='ltr'>mosque</span> <span class='ocrx_word' id='word_1_72' title='bbox 363 1587 500 1686; x_wconf 79' lang='lat' dir='ltr'>judices</span> <span class='ocrx_word' id='word_1_73' title='bbox 525 1604 561 1661; x_wconf 87' lang='lat' dir='ltr'>et</span> <span class='ocrx_word' id='word_1_74' title='bbox 586 1603 743 1662; x_wconf 86' lang='lat' dir='ltr'>rectores</span> <span class='ocrx_word' id='word_1_75' title='bbox 770 1614 835 1685; x_wconf 86' lang='lat' dir='ltr'>per</span> <span class='ocrx_word' id='word_1_76' title='bbox 857 1588 1059 1687; x_wconf 86' lang='lat' dir='ltr'>provincias</span> <span class='ocrx_word' id='word_1_77' title='bbox 1088 1587 1264 1660; x_wconf 86' lang='lat' dir='ltr'>Nenstriae</span> 
     </span>
     <span class='ocr_line' id='line_1_12' title="bbox 196 1702 1267 1805; baseline -0.005 -24"><span class='ocrx_word' id='word_1_78' title='bbox 196 1706 397 1781; x_wconf 78' lang='lat' dir='ltr'>constituit.</span> <span class='ocrx_word' id='word_1_79' title='bbox 420 1705 524 1777; x_wconf 88' lang='lat' dir='ltr'>Sacra</span> <span class='ocrx_word' id='word_1_80' title='bbox 551 1702 742 1792; x_wconf 87' lang='lat' dir='ltr'>coenobia,</span> <span class='ocrx_word' id='word_1_81' title='bbox 763 1719 800 1778; x_wconf 90' lang='lat' dir='ltr'>et</span> <span class='ocrx_word' id='word_1_82' title='bbox 817 1704 949 1779; x_wconf 90' lang='lat' dir='ltr'>fundos</span> <span class='ocrx_word' id='word_1_83' title='bbox 963 1704 1033 1777; x_wconf 89' lang='lat' dir='ltr'>illis</span> <span class='ocrx_word' id='word_1_84' title='bbox 1047 1705 1149 1778; x_wconf 88' lang='lat' dir='ltr'>datos</span> <span class='ocrx_word' id='word_1_85' title='bbox 1162 1730 1267 1805; x_wconf 71' lang='lat' dir='ltr'>pega-</span> 
     </span>
     <span class='ocr_line' id='line_1_13' title="bbox 198 1818 1268 1920; baseline 0 -28"><span class='ocrx_word' id='word_1_86' title='bbox 198 1819 294 1895; x_wconf 88' lang='lat' dir='ltr'>libus</span> <span class='ocrx_word' id='word_1_87' title='bbox 307 1821 502 1920; x_wconf 83' lang='lat' dir='ltr'>privilegiis</span> <span class='ocrx_word' id='word_1_88' title='bbox 519 1836 553 1893; x_wconf 89' lang='lat' dir='ltr'>et</span> <span class='ocrx_word' id='word_1_89' title='bbox 573 1818 789 1896; x_wconf 88' lang='lat' dir='ltr'>tuitionibus</span> <span class='ocrx_word' id='word_1_90' title='bbox 804 1820 851 1894; x_wconf 90' lang='lat' dir='ltr'>ab</span> <span class='ocrx_word' id='word_1_91' title='bbox 868 1821 1007 1919; x_wconf 88' lang='lat' dir='ltr'>injustis</span> <span class='ocrx_word' id='word_1_92' title='bbox 1021 1819 1268 1894; x_wconf 86' lang='lat' dir='ltr'>exactionibus</span> 
     </span>
     <span class='ocr_line' id='line_1_14' title="bbox 198 1937 1268 2038; baseline -0.003 -26"><span class='ocrx_word' id='word_1_93' title='bbox 198 1939 379 2013; x_wconf 88' lang='lat' dir='ltr'>liberavit.</span> <span class='ocrx_word' id='word_1_94' title='bbox 393 1937 571 2011; x_wconf 88' lang='lat' dir='ltr'>Omnibus</span> <span class='ocrx_word' id='word_1_95' title='bbox 586 1955 657 2009; x_wconf 86' lang='lat' dir='ltr'>tam</span> <span class='ocrx_word' id='word_1_96' title='bbox 670 1939 814 2011; x_wconf 88' lang='lat' dir='ltr'>advenis</span> <span class='ocrx_word' id='word_1_97' title='bbox 827 1966 936 2038; x_wconf 88' lang='lat' dir='ltr'>quam</span> <span class='ocrx_word' id='word_1_98' title='bbox 954 1938 1130 2037; x_wconf 84' lang='lat' dir='ltr'>indigenis</span> <span class='ocrx_word' id='word_1_99' title='bbox 1142 1963 1268 2037; x_wconf 87' lang='lat' dir='ltr'>pacem</span> 
     </span>
     <span class='ocr_line' id='line_1_15' title="bbox 200 2054 1268 2153; baseline -0.006 -24"><span class='ocrx_word' id='word_1_100' title='bbox 200 2057 237 2130; x_wconf 90' lang='lat' dir='ltr'>in</span> <span class='ocrx_word' id='word_1_101' title='bbox 255 2073 333 2130; x_wconf 90' lang='lat' dir='ltr'>tota</span> <span class='ocrx_word' id='word_1_102' title='bbox 354 2072 448 2130; x_wconf 88' lang='lat' dir='ltr'>terra</span> <span class='ocrx_word' id='word_1_103' title='bbox 475 2082 535 2127; x_wconf 90' lang='lat' dir='ltr'>sua</span> <span class='ocrx_word' id='word_1_104' title='bbox 554 2056 734 2153; x_wconf 84' lang='lat' dir='ltr'>praeconis</span> <span class='ocrx_word' id='word_1_105' title='bbox 759 2080 847 2128; x_wconf 85' lang='lat' dir='ltr'>voce</span> <span class='ocrx_word' id='word_1_106' title='bbox 865 2054 1084 2153; x_wconf 85' lang='lat' dir='ltr'>propalavit,</span> <span class='ocrx_word' id='word_1_107' title='bbox 1107 2068 1145 2127; x_wconf 87' lang='lat' dir='ltr'>et</span> <span class='ocrx_word' id='word_1_108' title='bbox 1160 2079 1268 2153; x_wconf 88' lang='lat' dir='ltr'>super</span> 
     </span>
     <span class='ocr_line' id='line_1_16' title="bbox 200 2173 1266 2273; baseline -0.003 -26"><span class='ocrx_word' id='word_1_109' title='bbox 200 2173 297 2249; x_wconf 82' lang='lat' dir='ltr'>fures</span> <span class='ocrx_word' id='word_1_110' title='bbox 319 2202 360 2246; x_wconf 90' lang='lat' dir='ltr'>ac</span> <span class='ocrx_word' id='word_1_111' title='bbox 387 2173 596 2259; x_wconf 87' lang='lat' dir='ltr'>seditiosos,</span> <span class='ocrx_word' id='word_1_112' title='bbox 617 2174 814 2273; x_wconf 87' lang='lat' dir='ltr'>patriaeque</span> <span class='ocrx_word' id='word_1_113' title='bbox 831 2174 961 2272; x_wconf 89' lang='lat' dir='ltr'>quietis</span> <span class='ocrx_word' id='word_1_114' title='bbox 979 2185 1266 2269; x_wconf 85' lang='lat' dir='ltr'>contemptores,</span> 
     </span>
     <span class='ocr_line' id='line_1_17' title="bbox 200 2288 1071 2391; baseline -0.003 -30"><span class='ocrx_word' id='word_1_115' title='bbox 200 2317 322 2391; x_wconf 82' lang='lat' dir='ltr'>graves</span> <span class='ocrx_word' id='word_1_116' title='bbox 333 2294 517 2390; x_wconf 79' lang='lat' dir='ltr'>justusque</span> <span class='ocrx_word' id='word_1_117' title='bbox 534 2289 689 2363; x_wconf 87' lang='lat' dir='ltr'>ultiones</span> <span class='ocrx_word' id='word_1_118' title='bbox 704 2288 817 2388; x_wconf 81' lang='lat' dir='ltr'>rigide</span> <span class='ocrx_word' id='word_1_119' title='bbox 833 2289 1071 2389; x_wconf 78' lang='lat' dir='ltr'>pervulgarit.</span> 
     </span>
     <span class='ocr_line' id='line_1_18' title="bbox 247 2401 1268 2502; baseline -0.005 -24"><span class='ocrx_word' id='word_1_120' title='bbox 247 2401 1268 2502; x_wconf 88' lang='lat' dir='ltr'>lV.Rumoresinterimdctransmarinispartibusdiversi</span> 
     </span>
     <span class='ocr_line' id='line_1_19' title="bbox 200 2519 1270 2618; baseline -0.003 -24"><span class='ocrx_word' id='word_1_121' title='bbox 200 2519 467 2607; x_wconf 80' lang='lat' dir='ltr'>advolitabant,</span> <span class='ocrx_word' id='word_1_122' title='bbox 488 2534 524 2594; x_wconf 90' lang='lat' dir='ltr'>et</span> <span class='ocrx_word' id='word_1_123' title='bbox 548 2521 680 2617; x_wconf 89' lang='lat' dir='ltr'>optatis</span> <span class='ocrx_word' id='word_1_124' title='bbox 701 2520 851 2594; x_wconf 74' lang='lat' dir='ltr'>molesta</span> <span class='ocrx_word' id='word_1_125' title='bbox 874 2519 1126 2618; x_wconf 88' lang='lat' dir='ltr'>permiscentes</span> <span class='ocrx_word' id='word_1_126' title='bbox 1148 2544 1270 2618; x_wconf 89' lang='lat' dir='ltr'>regem</span> 
     </span>
     <span class='ocr_line' id='line_1_20' title="bbox 203 2635 1271 2738; baseline -0.002 -30"><span class='ocrx_word' id='word_1_127' title='bbox 203 2635 471 2738; x_wconf 83' lang='lat' dir='ltr'>inquietabant,</span> <span class='ocrx_word' id='word_1_128' title='bbox 493 2652 588 2710; x_wconf 90' lang='lat' dir='ltr'>etex</span> <span class='ocrx_word' id='word_1_129' title='bbox 610 2637 851 2712; x_wconf 86' lang='lat' dir='ltr'>malivolentia</span> <span class='ocrx_word' id='word_1_130' title='bbox 869 2635 1071 2736; x_wconf 83' lang='lat' dir='ltr'>Anglorum</span> <span class='ocrx_word' id='word_1_131' title='bbox 1093 2661 1175 2707; x_wconf 92' lang='lat' dir='ltr'>cum</span> <span class='ocrx_word' id='word_1_132' title='bbox 1189 2636 1271 2707; x_wconf 92' lang='lat' dir='ltr'>nisu</span> 
     </span>
     <span class='ocr_line' id='line_1_21' title="bbox 204 2754 1270 2855; baseline -0.005 -26"><span class='ocrx_word' id='word_1_133' title='bbox 204 2754 407 2841; x_wconf 82' lang='lat' dir='ltr'>llanorum,</span> <span class='ocrx_word' id='word_1_134' title='bbox 431 2755 654 2855; x_wconf 87' lang='lat' dir='ltr'>aliarumque</span> <span class='ocrx_word' id='word_1_135' title='bbox 670 2754 904 2827; x_wconf 85' lang='lat' dir='ltr'>barbararum</span> <span class='ocrx_word' id='word_1_136' title='bbox 922 2755 1085 2854; x_wconf 82' lang='lat' dir='ltr'>gentium</span> <span class='ocrx_word' id='word_1_137' title='bbox 1105 2780 1270 2853; x_wconf 88' lang='lat' dir='ltr'>magnam</span> 
     </span>
     <span class='ocr_line' id='line_1_22' title="bbox 206 2869 1272 2975; baseline 0.001 -33"><span class='ocrx_word' id='word_1_138' title='bbox 206 2869 339 2945; x_wconf 83' lang='lat' dir='ltr'>cladem</span> <span class='ocrx_word' id='word_1_139' title='bbox 359 2871 580 2945; x_wconf 88' lang='lat' dir='ltr'>Normannis</span> <span class='ocrx_word' id='word_1_140' title='bbox 601 2873 780 2975; x_wconf 81' lang='lat' dir='ltr'>orituram</span> <span class='ocrx_word' id='word_1_141' title='bbox 802 2872 1033 2945; x_wconf 86' lang='lat' dir='ltr'>intimabant.</span> <span class='ocrx_word' id='word_1_142' title='bbox 1060 2874 1135 2944; x_wconf 83' lang='lat' dir='ltr'>Rex</span> <span class='ocrx_word' id='word_1_143' title='bbox 1160 2872 1272 2971; x_wconf 90' lang='lat' dir='ltr'>igitur</span> 
     </span>
     <span class='ocr_line' id='line_1_23' title="bbox 207 2979 1272 3088; baseline 0 -28"><span class='ocrx_word' id='word_1_144' title='bbox 207 2986 369 3060; x_wconf 84' lang='lat' dir='ltr'>Matbildi</span> <span class='ocrx_word' id='word_1_145' title='bbox 389 2988 533 3088; x_wconf 84' lang='lat' dir='ltr'>conjugi</span> <span class='ocrx_word' id='word_1_146' title='bbox 552 3014 649 3077; x_wconf 88' lang='lat' dir='ltr'>suae,</span> <span class='ocrx_word' id='word_1_147' title='bbox 673 2979 822 3088; x_wconf 90' lang='lat' dir='ltr'>filioque</span> <span class='ocrx_word' id='word_1_148' title='bbox 840 3014 906 3061; x_wconf 93' lang='lat' dir='ltr'>suo</span> <span class='ocrx_word' id='word_1_149' title='bbox 929 2986 1116 3061; x_wconf 85' lang='lat' dir='ltr'>Rodberto</span> <span class='ocrx_word' id='word_1_150' title='bbox 1132 2986 1272 3061; x_wconf 90' lang='lat' dir='ltr'>adoles-</span> 
     </span>
     <span class='ocr_line' id='line_1_24' title="bbox 210 3104 1270 3203; baseline -0.002 -27"><span class='ocrx_word' id='word_1_151' title='bbox 210 3105 300 3176; x_wconf 81' lang='lat' dir='ltr'>oenti</span> <span class='ocrx_word' id='word_1_152' title='bbox 315 3105 372 3201; x_wconf 66' lang='grc' dir='ltr'>(α)</span> <span class='ocrx_word' id='word_1_153' title='bbox 389 3104 632 3203; x_wconf 88' lang='lat' dir='ltr'>principatum</span> <span class='ocrx_word' id='word_1_154' title='bbox 651 3104 828 3179; x_wconf 83' lang='lat' dir='ltr'>Neustriae</span> <span class='ocrx_word' id='word_1_155' title='bbox 845 3105 1042 3191; x_wconf 90' lang='lat' dir='ltr'>commisit,</span> <span class='ocrx_word' id='word_1_156' title='bbox 1067 3119 1102 3177; x_wconf 92' lang='lat' dir='ltr'>et</span> <span class='ocrx_word' id='word_1_157' title='bbox 1119 3130 1203 3175; x_wconf 91' lang='lat' dir='ltr'>cum</span> <span class='ocrx_word' id='word_1_158' title='bbox 1220 3105 1270 3176; x_wconf 88' lang='lat' dir='ltr'>eis</span> 
     </span>
     <span class='ocr_line' id='line_1_25' title="bbox 213 3219 1270 3324; baseline -0.004 -29"><span class='ocrx_word' id='word_1_159' title='bbox 213 3219 387 3320; x_wconf 79' lang='lat' dir='ltr'>religiosos</span> <span class='ocrx_word' id='word_1_160' title='bbox 404 3222 574 3321; x_wconf 83' lang='lat' dir='ltr'>praesules</span> <span class='ocrx_word' id='word_1_161' title='bbox 597 3238 633 3294; x_wconf 90' lang='lat' dir='ltr'>et</span> <span class='ocrx_word' id='word_1_162' title='bbox 650 3238 815 3296; x_wconf 87' lang='lat' dir='ltr'>strenuos</span> <span class='ocrx_word' id='word_1_163' title='bbox 833 3249 998 3324; x_wconf 88' lang='lat' dir='ltr'>proceres</span> <span class='ocrx_word' id='word_1_164' title='bbox 1015 3222 1059 3294; x_wconf 91' lang='lat' dir='ltr'>ad</span> <span class='ocrx_word' id='word_1_165' title='bbox 1086 3222 1270 3294; x_wconf 92' lang='lat' dir='ltr'>tutandam</span> 
     </span>
    </p>
   </div>
   <div class='ocr_carea' id='block_1_4' title="bbox 247 3555 521 3628">
    <p class='ocr_par' dir='ltr' id='par_1_4' title="bbox 247 3555 521 3628">
     <span class='ocr_line' id='line_1_26' title="bbox 247 3555 521 3628; baseline 0.011 -19"><span class='ocrx_word' id='word_1_166' title='bbox 247 3555 282 3628; x_wconf 78' lang='grc' dir='ltr'>(ι)</span> <span class='ocrx_word' id='word_1_167' title='bbox 298 3555 382 3612; x_wconf 81' lang='lat' dir='ltr'>va.</span> <span class='ocrx_word' id='word_1_168' title='bbox 397 3574 466 3625; x_wconf 79' lang='lat' dir='ltr'>niv,</span> <span class='ocrx_word' id='word_1_169' title='bbox 479 3575 521 3612; x_wconf 70' lang='grc' dir='ltr'>αι.</span> 
     </span>
    </p>
   </div>
   <div class='ocr_carea' id='block_1_5' title="bbox 189 3643 1276 4243">
    <p class='ocr_par' dir='ltr' id='par_1_5' title="bbox 223 3643 1275 3994">
     <span class='ocr_line' id='line_1_27' title="bbox 249 3643 1274 3719; baseline 0.008 -20"><span class='ocrx_word' id='word_1_170' title='bbox 249 3643 284 3715; x_wconf 77' lang='lat' dir='ltr'>(a)</span> <span class='ocrx_word' id='word_1_171' title='bbox 298 3645 337 3702; x_wconf 82' lang='lat' dir='ltr'>Ge</span> <span class='ocrx_word' id='word_1_172' title='bbox 353 3647 449 3719; x_wconf 84' lang='lat' dir='ltr'>prinee</span> <span class='ocrx_word' id='word_1_173' title='bbox 460 3658 574 3703; x_wconf 88' lang='lat' dir='ltr'>mourut</span> <span class='ocrx_word' id='word_1_174' title='bbox 587 3668 622 3703; x_wconf 90' lang='lat' dir='ltr'>en</span> <span class='ocrx_word' id='word_1_175' title='bbox 639 3647 706 3716; x_wconf 73' lang='lat'>1134</span> <span class='ocrx_word' id='word_1_176' title='bbox 719 3668 754 3704; x_wconf 86' lang='lat' dir='ltr'>au</span> <span class='ocrx_word' id='word_1_177' title='bbox 771 3651 887 3705; x_wconf 75' lang='lat' dir='ltr'>chateau</span> <span class='ocrx_word' id='word_1_178' title='bbox 900 3650 935 3706; x_wconf 93' lang='lat' dir='ltr'>de</span> <span class='ocrx_word' id='word_1_179' title='bbox 949 3651 1069 3719; x_wconf 83' lang='lat' dir='ltr'>Cardiff,</span> <span class='ocrx_word' id='word_1_180' title='bbox 1084 3655 1121 3707; x_wconf 84' lang='lat' dir='ltr'>ou</span> <span class='ocrx_word' id='word_1_181' title='bbox 1138 3669 1188 3707; x_wconf 91' lang='lat' dir='ltr'>son</span> <span class='ocrx_word' id='word_1_182' title='bbox 1200 3652 1274 3707; x_wconf 74' lang='lat' dir='ltr'>[rere</span> 
     </span>
     <span class='ocr_line' id='line_1_28' title="bbox 223 3726 1274 3812; baseline 0.004 -21"><span class='ocrx_word' id='word_1_183' title='bbox 223 3726 333 3791; x_wconf 73' lang='lat' dir='ltr'>ltlmit</span> <span class='ocrx_word' id='word_1_184' title='bbox 343 3736 501 3810; x_wconf 87' lang='lat' dir='ltr'>prisounier</span> <span class='ocrx_word' id='word_1_185' title='bbox 510 3737 609 3812; x_wconf 88' lang='lat' dir='ltr'>depuis</span> <span class='ocrx_word' id='word_1_186' title='bbox 623 3738 649 3793; x_wconf 91' lang='lat' dir='ltr'>la</span> <span class='ocrx_word' id='word_1_187' title='bbox 661 3738 771 3795; x_wconf 79' lang='lat' dir='ltr'>banitte</span> <span class='ocrx_word' id='word_1_188' title='bbox 783 3741 818 3796; x_wconf 87' lang='lat' dir='ltr'>de</span> <span class='ocrx_word' id='word_1_189' title='bbox 828 3741 1008 3797; x_wconf 79' lang='lat' dir='ltr'>Tinchebrsi.</span> <span class='ocrx_word' id='word_1_190' title='bbox 1022 3742 1065 3809; x_wconf 79' lang='lat' dir='ltr'>si,</span> <span class='ocrx_word' id='word_1_191' title='bbox 1079 3760 1187 3797; x_wconf 88' lang='lat' dir='ltr'>comme</span> <span class='ocrx_word' id='word_1_192' title='bbox 1198 3760 1234 3796; x_wconf 93' lang='lat' dir='ltr'>on</span> <span class='ocrx_word' id='word_1_193' title='bbox 1247 3742 1274 3795; x_wconf 90' lang='lat' dir='ltr'>le</span> 
     </span>
     <span class='ocr_line' id='line_1_29' title="bbox 226 3823 1275 3901; baseline 0.005 -23"><span class='ocrx_word' id='word_1_194' title='bbox 226 3830 340 3895; x_wconf 62' lang='lat' dir='ltr'>W,</span> <span class='ocrx_word' id='word_1_195' title='bbox 354 3823 455 3880; x_wconf 74' lang='lat' dir='ltr'>iltuit</span> <span class='ocrx_word' id='word_1_196' title='bbox 472 3824 544 3880; x_wconf 80' lang='lat' dir='ltr'>alors</span> <span class='ocrx_word' id='word_1_197' title='bbox 556 3827 608 3900; x_wconf 73' lang='lat' dir='ltr'>elge</span> <span class='ocrx_word' id='word_1_198' title='bbox 621 3827 657 3881; x_wconf 88' lang='lat' dir='ltr'>de</span> <span class='ocrx_word' id='word_1_199' title='bbox 669 3827 876 3901; x_wconf 86' lang='lat' dir='ltr'>quatre-vingts</span> <span class='ocrx_word' id='word_1_200' title='bbox 893 3847 954 3895; x_wconf 87' lang='lat' dir='ltr'>ans,</span> <span class='ocrx_word' id='word_1_201' title='bbox 977 3828 994 3883; x_wconf 91' lang='lat' dir='ltr'>il</span> <span class='ocrx_word' id='word_1_202' title='bbox 1014 3829 1105 3885; x_wconf 85' lang='lat' dir='ltr'>devait</span> <span class='ocrx_word' id='word_1_203' title='bbox 1118 3830 1178 3884; x_wconf 69' lang='lat' dir='ltr'>titre</span> <span class='ocrx_word' id='word_1_204' title='bbox 1191 3832 1226 3884; x_wconf 75' lang='lat' dir='ltr'>ne</span> <span class='ocrx_word' id='word_1_205' title='bbox 1239 3848 1275 3884; x_wconf 90' lang='lat' dir='ltr'>en</span> 
     </span>
     <span class='ocr_line' id='line_1_30' title="bbox 225 3903 1275 3994; baseline 0.01 -31"><span class='ocrx_word' id='word_1_206' title='bbox 225 3903 297 3977; x_wconf 62' lang='lat'>³⁸54,</span> <span class='ocrx_word' id='word_1_207' title='bbox 308 3922 337 3969; x_wconf 80' lang='lat' dir='ltr'>et</span> <span class='ocrx_word' id='word_1_208' title='bbox 348 3911 417 3969; x_wconf 80' lang='lat' dir='ltr'>dans</span> <span class='ocrx_word' id='word_1_209' title='bbox 428 3930 459 3968; x_wconf 83' lang='lat' dir='ltr'>ce</span> <span class='ocrx_word' id='word_1_210' title='bbox 471 3931 516 3968; x_wconf 87' lang='lat' dir='ltr'>cas</span> <span class='ocrx_word' id='word_1_211' title='bbox 529 3915 549 3968; x_wconf 91' lang='lat' dir='ltr'>il</span> <span class='ocrx_word' id='word_1_212' title='bbox 561 3917 677 3971; x_wconf 86' lang='lat' dir='ltr'>n&#39;aurait</span> <span class='ocrx_word' id='word_1_213' title='bbox 689 3935 737 3990; x_wconf 77' lang='lat' dir='ltr'>pes</span> <span class='ocrx_word' id='word_1_214' title='bbox 750 3935 785 3971; x_wconf 87' lang='lat' dir='ltr'>eu</span> <span class='ocrx_word' id='word_1_215' title='bbox 803 3917 864 3991; x_wconf 88' lang='lat' dir='ltr'>plus</span> <span class='ocrx_word' id='word_1_216' title='bbox 877 3918 912 3973; x_wconf 86' lang='lat' dir='ltr'>de</span> <span class='ocrx_word' id='word_1_217' title='bbox 930 3920 1014 3975; x_wconf 85' lang='lat' dir='ltr'>treize</span> <span class='ocrx_word' id='word_1_218' title='bbox 1028 3938 1077 3973; x_wconf 89' lang='lat' dir='ltr'>ans</span> <span class='ocrx_word' id='word_1_219' title='bbox 1089 3938 1124 3973; x_wconf 90' lang='lat' dir='ltr'>en</span> <span class='ocrx_word' id='word_1_220' title='bbox 1145 3917 1220 3994; x_wconf 83' lang='lat'>1067.</span> <span class='ocrx_word' id='word_1_221' title='bbox 1234 3919 1275 3974; x_wconf 84' lang='lat' dir='ltr'>Ce</span> 
     </span>
    </p>

    <p class='ocr_par' dir='ltr' id='par_1_6' title="bbox 189 3994 1276 4243">
     <span class='ocr_line' id='line_1_31' title="bbox 189 3994 1275 4080; baseline 0.007 -26"><span class='ocrx_word' id='word_1_222' title='bbox 189 4016 195 4025; x_wconf 93' lang='lat'>·</span> <span class='ocrx_word' id='word_1_223' title='bbox 228 3994 285 4067; x_wconf 53' lang='lat' dir='ltr'>wil</span> <span class='ocrx_word' id='word_1_224' title='bbox 296 4018 339 4073; x_wconf 79' lang='grc' dir='ltr'>μ</span> <span class='ocrx_word' id='word_1_225' title='bbox 353 4000 389 4059; x_wconf 87' lang='lat' dir='ltr'>de</span> <span class='ocrx_word' id='word_1_226' title='bbox 404 4003 510 4059; x_wconf 81' lang='lat' dir='ltr'>certain</span> <span class='ocrx_word' id='word_1_227' title='bbox 526 4023 575 4076; x_wconf 83' lang='lat' dir='ltr'>par</span> <span class='ocrx_word' id='word_1_228' title='bbox 592 4006 616 4059; x_wconf 85' lang='lat' dir='ltr'>la</span> <span class='ocrx_word' id='word_1_229' title='bbox 636 4007 731 4061; x_wconf 90' lang='lat' dir='ltr'>charte</span> <span class='ocrx_word' id='word_1_230' title='bbox 744 4006 779 4061; x_wconf 91' lang='lat' dir='ltr'>de</span> <span class='ocrx_word' id='word_1_231' title='bbox 793 4008 909 4080; x_wconf 84' lang='lat' dir='ltr'>Stigand</span> <span class='ocrx_word' id='word_1_232' title='bbox 926 4009 961 4065; x_wconf 88' lang='lat' dir='ltr'>de</span> <span class='ocrx_word' id='word_1_233' title='bbox 981 4010 1108 4065; x_wconf 87' lang='lat' dir='ltr'>Mesidon</span> <span class='ocrx_word' id='word_1_234' title='bbox 1122 4008 1192 4064; x_wconf 92' lang='lat' dir='ltr'>dont</span> <span class='ocrx_word' id='word_1_235' title='bbox 1204 4027 1275 4064; x_wconf 90' lang='lat' dir='ltr'>nous</span> 
     </span>
     <span class='ocr_line' id='line_1_32' title="bbox 231 4086 1274 4170; baseline 0.009 -29"><span class='ocrx_word' id='word_1_236' title='bbox 231 4090 300 4141; x_wconf 64' lang='grc' dir='ltr'><strong>Μ</strong></span> <span class='ocrx_word' id='word_1_237' title='bbox 314 4086 373 4161; x_wconf 71' lang='lat' dir='ltr'>dejlt</span> <span class='ocrx_word' id='word_1_238' title='bbox 389 4089 465 4164; x_wconf 77' lang='lat' dir='ltr'>parle</span> <span class='ocrx_word' id='word_1_239' title='bbox 481 4090 633 4162; x_wconf 73' lang='lat' dir='ltr'>ci-dessus,</span> <span class='ocrx_word' id='word_1_240' title='bbox 655 4094 720 4149; x_wconf 87' lang='lat' dir='ltr'>c’est</span> <span class='ocrx_word' id='word_1_241' title='bbox 732 4095 799 4168; x_wconf 90' lang='lat' dir='ltr'>qu’il</span> <span class='ocrx_word' id='word_1_242' title='bbox 817 4096 884 4151; x_wconf 79' lang='lat' dir='ltr'>enit</span> <span class='ocrx_word' id='word_1_243' title='bbox 901 4096 926 4152; x_wconf 90' lang='lat' dir='ltr'>le</span> <span class='ocrx_word' id='word_1_244' title='bbox 939 4115 1097 4152; x_wconf 86' lang='lat' dir='ltr'>successeur</span> <span class='ocrx_word' id='word_1_245' title='bbox 1113 4095 1227 4170; x_wconf 66' lang='lat' dir='ltr'>designo</span> <span class='ocrx_word' id='word_1_246' title='bbox 1239 4097 1274 4150; x_wconf 90' lang='lat' dir='ltr'>de</span> 
     </span>
     <span class='ocr_line' id='line_1_33' title="bbox 232 4164 1276 4243; baseline 0.007 -10"><span class='ocrx_word' id='word_1_247' title='bbox 232 4164 373 4237; x_wconf 55' lang='lat' dir='ltr'>billum</span> <span class='ocrx_word' id='word_1_248' title='bbox 390 4200 425 4237; x_wconf 82' lang='lat' dir='ltr'>au</span> <span class='ocrx_word' id='word_1_249' title='bbox 442 4181 534 4237; x_wconf 71' lang='lat' dir='ltr'>ductis</span> <span class='ocrx_word' id='word_1_250' title='bbox 553 4183 587 4239; x_wconf 76' lang='lat' dir='ltr'>sle</span> <span class='ocrx_word' id='word_1_251' title='bbox 608 4186 777 4241; x_wconf 80' lang='lat' dir='ltr'>llormandie</span> <span class='ocrx_word' id='word_1_252' title='bbox 797 4187 844 4241; x_wconf 71' lang='lat' dir='ltr'>des</span> <span class='ocrx_word' id='word_1_253' title='bbox 865 4185 931 4243; x_wconf 77' lang='lat'><strong>1063</strong></span> <span class='ocrx_word' id='word_1_254' title='bbox 950 4214 955 4242; x_wconf 83' lang='lat'>¹.</span> <span class='ocrx_word' id='word_1_255' title='bbox 980 4190 1020 4243; x_wconf 83' lang='lat' dir='ltr'>Et</span> <span class='ocrx_word' id='word_1_256' title='bbox 1039 4188 1167 4243; x_wconf 70' lang='lat' dir='ltr'>[lotberti</span> <span class='ocrx_word' id='word_1_257' title='bbox 1183 4207 1276 4242; x_wconf 83' lang='lat' dir='ltr'>eorum</span> 
     </span>
    </p>
   </div>
   <div class='ocr_carea' id='block_1_6' title="bbox 292 4290 1130 4351">
    <p class='ocr_par' dir='ltr' id='par_1_7' title="bbox 292 4290 1130 4351">
     <span class='ocr_line' id='line_1_34' title="bbox 292 4290 1130 4351; baseline 0.013 -11"><span class='ocrx_word' id='word_1_258' title='bbox 292 4290 328 4341; x_wconf 84' lang='lat' dir='ltr'>ll.</span> <span class='ocrx_word' id='word_1_259' title='bbox 1090 4307 1099 4350; x_wconf 93' lang='lat' dir='ltr'>l</span> <span class='ocrx_word' id='word_1_260' title='bbox 1112 4306 1130 4351; x_wconf 88' lang='lat'>2</span> 
     </span>
    </p>
   </div>
   <div class='ocr_carea' id='block_1_7' title="bbox 0 0 1487 4980">
    <p class='ocr_par' dir='ltr' id='par_1_8' title="bbox 0 0 1487 4980">
     <span class='ocr_line' id='line_1_35' title="bbox 0 0 1487 4980; baseline 0 0"><span class='ocrx_word' id='word_1_261' title='bbox 0 0 1487 4980; x_wconf 95' lang='lat' dir='ltr'> </span> 
     </span>
    </p>
   </div>
  </div>
 </body>
</html>
