2910 4980
193 404 252 464 288
468 401 649 464 HISTORIA
673 398 998 475 EchlttltsTlct„
1048 404 1252 482 [ltro-1125]

195 546 270 592 cam
292 517 523 618 pulcherrimi
549 521 688 619 operis,
713 535 749 594 et
775 520 841 592 alia
866 518 961 594 bona
991 518 1282 620 quamplurima·

189 643 264 736 jam
280 637 478 725 inchoavit,
495 654 531 711 et
543 664 608 736 per
622 665 668 709 xv
680 664 792 712 annos
803 637 935 738 quibus
946 637 1085 712 abbatis
1100 639 1254 712 officium

193 755 312 852 gessit,
325 752 367 825 ad
381 755 530 828 salutem
540 756 593 827 sui
603 752 743 854 sibique
752 754 1011 854 subjectorum,
1021 755 1254 854 jurantellco

195 897 443 945 consummare
456 873 607 946 studuit.

244 989 261 1087 [
270 1017 279 1060 t
293 1016 303 1060 ι
317 990 391 1088 ra]
409 990 522 1087 Hujus
533 990 717 1090 regiminis
726 1015 823 1063 anno
838 1005 895 1062 111⁰
914 989 958 1062 ad
975 987 1141 1062 tumbam
1156 987 1256 1063 Gual·

193 1107 262 1180 levi
275 1107 416 1179 comitis
428 1108 597 1180 miracula
611 1107 849 1180 demonstrari
864 1107 1033 1205 primitus
1044 1119 1251 1204 coeperunt,

194 1248 351 1322 quorum
368 1222 496 1294 auditis
512 1222 718 1296 rumoribus
730 1223 837 1322 Angli
851 1222 951 1297 valde
966 1223 1075 1296 laetati
1095 1237 1205 1311 sunt;
1219 1238 1256 1297 'ct

194 1337 353 1436 Anglicae
374 1336 495 1436 plebes
515 1336 558 1410 ad
582 1337 763 1410 tumulum
782 1339 837 1410 sui
857 1338 1127 1436 compatriotae,
1149 1362 1256 1438 quem

193 1453 379 1550 aDeojam
393 1451 585 1551 glorificari
602 1453 710 1552 signis
726 1452 987 1551 multiplicibus
999 1451 1174 1539 audiunt,
1185 1467 1256 1524 tam

194 1592 263 1663 pro
278 1565 408 1664 gaudio
424 1591 529 1637 novae
547 1567 598 1639 rei
615 1593 725 1666 quam
741 1592 809 1666 pro
823 1567 894 1640 suis
912 1564 1185 1639 necessitatibus
1198 1565 1256 1639 dc·

194 1682 372 1778 precaturi
396 1678 605 1780 frequenter
627 1698 834 1754 accurrunt.
857 1681 963 1774 Quod
986 1696 1027 1751 ut
1047 1680 1199 1780 quidam
1214 1680 1257 1755 dc

194 1795 412 1869 Normaunis
439 1795 635 1871 monachus
660 1799 808 1871 nomine
829 1796 992 1870 Audinus
1014 1797 1126 1885 vidit,
1149 1795 1257 1871 veba-

194 1928 335 1986 menter
357 1892 596 1985 stomdcbatus
619 1914 847 2013 advenientes
871 1913 1017 2001 derisit,
1044 1928 1082 1986 et
1103 1911 1256 2012 prael'ato

193 2028 317 2103 comiti
340 2054 422 2100 cum
446 2029 612 2103 irrisione
635 2030 812 2117 detraxit,
837 2029 957 2102 dicens
979 2027 1080 2128 quod
1100 2047 1256 2129 nequam

193 2145 347 2218 traditor
362 2145 490 2237 luerit,
505 2161 541 2218 et
557 2171 626 2244 pro
641 2163 741 2219 reatu
756 2172 822 2219 suo
837 2146 961 2244 capitis
977 2145 1256 2222 obtruncatione

193 2262 360 2335 mulctari
381 2263 565 2335 meruerit.
586 2263 663 2338 lloc
683 2278 724 2334 ut
742 2261 950 2337 Goisfredus
971 2261 1079 2335 abbas
1100 2261 1254 2350 audivit,

191 2379 345 2453 dulciter
364 2404 446 2452 eum
465 2379 568 2478 (quia
585 2395 773 2453 extraneus
792 2380 891 2475 erat)
911 2378 1114 2479 redarguit,
1136 2379 1255 2454 dicem

193 2497 292 2598 quod
304 2497 434 2569 divinis
444 2495 612 2594 operibus
623 2522 697 2570 non
708 2495 854 2570 deberet
862 2494 1059 2583 detrahere,
1068 2496 1255 2596 quiaDcus

192 2613 373 2713 pollicitus
391 2628 443 2687 cst
463 2613 636 2713 usquead
653 2615 999 2686 consummationem
1015 2610 1138 2685 saeculi
1157 2637 1255 2711 pm·

192 2732 342 2803 sentiam
371 2756 470 2801 suam
503 2729 664 2803 fidelibus
691 2731 762 2801 suis
785 2726 976 2814 exhibere,
1005 2743 1042 2800 et
1070 2727 1255 2825 promittit

193 2871 236 2916 ex
259 2845 389 2916 intimo
409 2842 517 2916 corde
543 2842 805 2942 poenitentibus
826 2859 951 2942 potare
979 2842 1023 2915 de
1049 2841 1156 2916 sonte
1184 2866 1254 2914 suae

192 2957 420 3058 infatigabilis
434 2960 699 3033 misericordiae.
720 2962 908 3048 Protinus,
927 2959 1014 3032 dum
1030 2958 1127 3031 idem
1148 2956 1254 3031 abbas

191 3075 273 3147 talia
288 3073 441 3147 dicendo
457 3077 694 3149 temeritatem
714 3075 914 3174 insipientis
934 3099 1161 3173 compescere
1176 3072 1254 3147 vel-

194 3190 261 3281 let,
275 3209 311 3264 ct
329 3189 389 3263 ille
401 3196 512 3290 magis
525 3192 707 3292 magisque
723 3194 920 3291 incongrua
933 3189 1040 3265 verba
1055 3190 1252 3289 proferret,

192 3310 230 3379 in
256 3308 444 3406 praesentia
472 3334 565 3406 saepe
589 3307 675 3380 dicti
702 3309 813 3407 patris
838 3307 953 3380 subita
982 3305 1196 3381 infirmitate
1218 3307 1257 3379 in

191 3421 399 3521 praecordiis
411 3448 598 3521 percussus
612 3438 685 3514 est,
703 3439 837 3522 etpost
853 3448 985 3522 paucos
1002 3421 1077 3495 dies
1094 3423 1134 3495 in
1147 3421 1256 3496 ecclc-

191 3542 238 3611 sia
256 3540 292 3611 S.
312 3538 441 3611 Albani
456 3542 735 3642 protomartyris
750 3541 952 3642 Anglorum
960 3594 971 3629 ,
987 3538 1051 3610 ubi
1064 3536 1255 3614 monacbi-

192 3658 263 3728 lem
273 3655 534 3754 professionem
546 3656 691 3746 fccerat,
705 3658 895 3732 defunctus
904 3673 970 3731 est.
983 3657 1157 3757 Sequenti
1170 3680 1250 3731 veru

193 3790 300 3847 nocte
313 3772 521 3848 Goissrcdus
537 3772 645 3846 abbas
660 3774 748 3847 dum
766 3777 803 3847 in
818 3775 912 3849 lecto
926 3775 1144 3873 quiesceret,
1163 3771 1249 3847 etde

193 3889 403 3987 supradictis
417 3889 603 3962 eventibus
615 3892 717 3989 plura
732 3918 852 3965 secum
865 3888 1046 3963 subtiliter
1060 3887 1244 3973 tractaret,

193 4033 278 4078 mox
293 4009 329 4079 in
340 4008 417 4078 visu
427 4033 462 4079 se
471 4024 582 4079 astare
592 4009 712 4082 loculo
719 4010 871 4082 Walleri
882 4008 1024 4082 comitis
1032 4005 1145 4099 videt,
1159 4030 1246 4079 sano

193 4142 318 4221 tosque
343 4125 403 4196 Dei
431 4124 732 4198 bartholomaeum
752 4125 953 4224 apostolum
975 4142 1010 4197 et
1033 4122 1245 4197 Gutblacum
