2910 4980
346 424 463 485 tiana
485 424 678 499 Quassus.
983 422 1041 486 1⁸5

90 544 247 622 editione
262 547 337 616 vim
352 516 642 632 declinaverunt,
661 544 808 644 regique
827 542 939 615 claves
952 543 1042 616 civi-

90 680 160 739 um
177 661 363 739 obsidibus
378 661 568 737 dederunt.
585 665 662 760 lpse
673 678 814 756 tamen,
834 662 917 762 quia
934 658 1042 734 fidem

90 808 122 855 m
142 796 340 879 suspectam
359 777 506 866 babuit,
532 779 569 850 in
591 774 682 850 urbe
706 779 778 877 ipsa
799 776 1041 849 munitionem

90 898 152 987 iit,
172 922 280 998 quam
296 895 441 969 delectis
454 892 630 966 militibus
644 892 913 967 custodiendam
930 890 1041 964 tradi-

90 1042 163 1089 uuc
175 1012 356 1086 Archillus
369 1013 637 1111 potentissimus
649 1009 1041 1111 Nordanhymbrorum

90 1157 150 1234 ege
163 1131 394 1205 concordiam
406 1130 505 1218 lecit,
518 1130 622 1228 eique
634 1127 751 1201 filium
762 1153 867 1200 suum
878 1128 1040 1202 obsidem

92 1248 133 1320 it.
148 1245 282 1320 Praesul
300 1272 445 1347 quoque
462 1245 629 1318 Duuelmi
648 1247 703 1343 (1)
722 1245 814 1346 regis
834 1245 873 1317 in
889 1245 1040 1345 gratiam

90 1365 138 1456 it,
156 1378 193 1437 et
205 1389 274 1462 pro
288 1362 469 1436 Malcomo
485 1388 568 1462 rege
584 1363 779 1436 Scotorum
796 1363 891 1462 pacis
906 1360 1040 1436 media·

90 1482 242 1554 tcrvenit
251 1534 262 1567 ,
278 1496 315 1553 et
328 1494 487 1578 acceptas
503 1479 729 1553 conditiones
747 1480 785 1551 in
802 1480 960 1552 Scotiam
976 1477 1039 1551 de-

90 1595 283 1669 Malcomus
295 1613 435 1682 autem,
456 1594 539 1668 licet
552 1593 598 1666 ab
614 1594 740 1695 Anglis
752 1594 944 1694 requisitus
960 1592 1040 1665 fue-

98 1709 251 1783 ualidam
265 1708 529 1809 expeditionem
543 1710 581 1781 in
596 1735 722 1784 eorum
736 1710 909 1782 auxilium
921 1707 1038 1781 facere

90 1829 166 1915 uit,
197 1827 316 1900 audita
343 1844 461 1900 umen
490 1827 669 1927 legatione
696 1827 791 1925 pacis
815 1826 976 1925 quievit,
1003 1839 1040 1899 et

90 1942 224 2015 »maula
240 1941 407 2015 Dunelmi
427 1943 581 2015 nuncios
603 1966 686 2015 suos
702 1958 854 2017 ovanter
875 1941 1037 2024 remisit,

90 2084 140 2133 tos
156 2057 351 2133 Guillelmo
367 2057 444 2158 regi
461 2057 565 2131 fidele
581 2056 796 2158 obsequium
808 2057 958 2155 juravit.
979 2056 1037 2127 Sic

90 2172 185 2247 rsibi
199 2175 400 2262 consuluit,
416 2173 624 2274 populoque
638 2198 703 2247 suo
715 2173 872 2245 multum
886 2172 1035 2271 placuit,

90 2317 205 2392 paoem
220 2291 319 2365 bello
334 2292 546 2390 praeposuit.
562 2290 655 2364 Nam
671 2291 811 2366 Scotica
827 2317 934 2391 gens,
952 2290 1038 2362 licet

90 2409 149 2484 alio
166 2435 287 2508 aspera
304 2410 370 2496 sit,
390 2409 507 2483 otium
524 2426 644 2482 tamen
661 2425 697 2483 et
714 2410 873 2509 quietem
890 2407 1033 2507 diligit;

92 2526 253 2599 avitinis
271 2526 462 2624 inquietari
477 2527 613 2625 regnis,
629 2523 835 2598 christianae
851 2524 1036 2625 religionis

90 2668 174 2715 uam
190 2669 376 2716 armorum
393 2642 530 2717 intenta
550 2644 690 2716 studiis.
716 2645 792 2716 Rex
807 2662 889 2743 post
905 2644 982 2715 haec
998 2643 1035 2715 in

90 2758 172 2834 ione
200 2786 262 2831 sua
291 2760 463 2834 Lincoliae
476 2814 487 2849 ,
520 2759 776 2835 llunteudonae
807 2775 843 2835 et
874 2763 1037 2835 Gronte-

90 2878 132 2976 Ι(
155 2879 171 2976 )
194 2893 306 2950 castra
330 2877 481 2967 locavit,
506 2894 542 2952 et
564 2879 715 2954 tutelam
736 2906 863 2955 eorum
886 2879 1036 2953 fortissi-

90 2995 137 3069 ris
150 2996 430 3070 commendavit.

93 3112 317 3212 temporibus
330 3113 496 3214 quaedam
512 3115 748 3190 Normanniae
760 3117 929 3190 mulieres
943 3142 1033 3189 saeva

90 3229 125 3301 iis
137 3228 214 3304 face
228 3230 440 3321 urebantur,
457 3230 662 3333 crebrisque
677 3235 815 3306 nuntiis
828 3261 847 3306 a
860 3235 946 3306 viris
962 3235 1034 3306 suis

90 3344 174 3420 baut
191 3362 233 3419 ut
250 3348 324 3421 cito
348 3366 631 3439 reverterentur,
649 3350 817 3426 addentes
840 3352 937 3453 quod
963 3352 1031 3423 nisi

90 3490 121 3538 m
136 3480 381 3556 maturarent,
407 3469 492 3567 ipsae
514 3468 581 3540 sibi
602 3469 691 3544 alios
714 3474 883 3571 conjuges
899 3496 1034 3569 procu-

92 3632 102 3653 .
120 3580 204 3655 Non
221 3585 318 3655 enim
333 3585 377 3656 ad
393 3587 543 3659 maritos
561 3611 643 3660 suos
659 3604 810 3685 propter
827 3589 1032 3661 inusitatam

90 3690 164 3773 buc
175 3699 437 3799 navigationem
453 3704 683 3777 transfretare
696 3703 893 3794 audebant,
910 3732 976 3780 nec
992 3707 1030 3778 in

90 3836 169 3955 ἱωι
190 3830 373 3914 expetere,
402 3816 464 3891 ubi
488 3821 623 3920 jugiter
651 3822 816 3894 inarmis
842 3838 968 3909 erant,
995 3838 1030 3895 et

90 3936 99 3969 l

90 4026 121 4061 llll

90 4086 93 4105 '
190 4097 505 4170 ,esbquedeDurham

128 4182 131 4187 ’
181 4184 397 4262 ,Hanungdom
413 4194 592 4271 Cambridge.
