2910 4980
189 412 394 490 [1106-1118]
559 407 675 469 LIBER
696 408 880 484 QUINTUS.
1195 410 1251 470 tm

190 534 258 607 Res
274 556 401 605 eorum
421 531 458 602 in
477 528 579 602 nullo
599 529 795 615 diminuit,
819 529 880 602 sed
904 531 940 600 in
958 528 1190 630 quibusdam,
1215 547 1258 602 nt

191 648 403 747 praedictum
414 662 486 734 est,
506 645 768 744 augmentavit,
784 660 820 717 et
839 644 1119 744 chirographum
1140 647 1257 720 dona-

193 766 302 840 tionis
318 791 391 837 suae
409 764 457 835 ita
474 764 672 836 contexuit.

241 885 326 981 Ego
352 881 540 954 Amoldus
566 882 727 955 concedo
745 900 778 953 et
796 883 970 974 confirmo
999 902 1152 972 cuncta,
1178 912 1260 983 quae

187 1015 299 1100 pater
321 1023 422 1068 meus
445 997 575 1067 Petrus
595 1022 668 1096 pro
690 997 973 1069 antecessoribus
995 1002 1072 1071 suis
1095 999 1261 1073 Ansoldo

195 1131 228 1184 et
247 1112 433 1198 Guarino,
452 1110 609 1209 aliisque
623 1112 837 1211 parentibus
853 1115 949 1202 suis,
968 1119 1045 1186 Deo
1061 1131 1096 1184 et
1114 1120 1154 1186 S.
1176 1117 1262 1187 Ma·

196 1231 281 1316 rice,
303 1227 562 1326 monachisque
585 1227 627 1299 S.
651 1228 795 1321 Ebraffi
815 1230 982 1318 donavit,
1007 1230 1135 1302 eodem
1152 1233 1262 1304 modo
1371 1279 1373 1282 -

196 1364 229 1419 et
240 1363 354 1447 pacto
369 1372 441 1443 quo
456 1345 516 1416 ille
532 1349 717 1418 concessit.
734 1347 928 1419 Decimam
942 1375 1084 1447 quoque
1096 1349 1143 1421 de
1156 1351 1264 1422 Man·

197 1465 262 1552 lia,
283 1490 394 1562 quam
411 1463 497 1534 duoe
513 1489 649 1535 sorores
666 1488 756 1534 mea
769 1463 956 1562 possident
973 1492 1020 1536 ec
1038 1470 1233 1561 maritagio
1250 1496 1260 1538 .·

196 1580 432 1679 Emmburgis
462 1580 630 1653 videlicet
657 1606 754 1652 uxor
777 1580 949 1653 Baldrici
975 1582 1023 1652 de
1051 1584 1202 1671 Dmcis,
1231 1602 1265 1654 et

197 1698 396 1773 Hersendis
419 1725 517 1770 acor
537 1698 708 1796 Hugonis
733 1699 779 1769 de
804 1699 1048 1798 Vicinis(1)‚
1078 1703 1114 1772 si
1135 1727 1266 1774 mona·

198 1815 259 1888 citi
269 1816 317 1888 ab
330 1815 402 1888 illis
415 1842 479 1887 seu
489 1814 677 1913 nepotibus
688 1819 775 1886 meis
785 1820 972 1916 potuerint
983 1816 1141 1889 obtinere
1156 1845 1269 1920 prece

198 1936 400 2033 seupretio,·
412 1948 588 2029 quantum
600 1931 654 2002 ad
662 1931 789 2002 menei
797 1932 852 2001 ad
862 1931 991 2004 liberos
1005 1959 1103 2006 meos
1117 1938 1263 2027 attinet,

199 2050 405 2122 voluntarie
414 2049 694 2122 concedaNoei
703 2050 825 2147 atique
836 2051 936 2148 quod
943 2049 1088 2122 decima
1097 2051 1172 2123 Dei
1177 2079 1266 2151 pars

202 2183 271 2255 est,
287 2183 321 2239 et
336 2167 432 2240 barte
448 2165 522 2238 sibi
535 2193 561 2237 a
577 2167 711 2265 priscis
732 2166 962 2265 temporibus,
987 2165 1042 2240 ad
1061 2150 1265 2242 subsidium

201 2284 406 2370 levitarum,
427 2310 495 2383 per
516 2284 672 2381 Moysen
697 2286 845 2355 retinere
870 2284 1044 2383 dignatus
1071 2303 1134 2358 est.
1163 2287 1268 2358 Unde

203 2403 340 2474 nemini
368 2403 594 2501 sapientum,
622 2417 660 2472 ut
687 2427 784 2489 reor,
811 2402 1014 2474 occidtatur
1039 2404 1140 2503 quod
1162 2409 1266 2504 quis-

204 2521 284 2619 quis
305 2520 543 2618 pertinaciter
566 2517 631 2589 tali
657 2523 790 2617 rapina
816 2523 982 2609 nescitur,
1011 2520 1203 2592 terribilem
1229 2526 1268 2593 in

188 2636 322 2736 futuro
347 2635 695 2709 animaduersionem
712 2652 949 2735 promeretur.
977 2641 1114 2709 Aream
1130 2655 1268 2738 proete-

203 2781 266 2827 rea
282 2754 494 2827 molarum
482 2780 520 2824 tn
536 2780 580 2825 sa
581 2753 633 2824 lta
653 2753 802 2852 Bole(n
804 2753 889 2851 )do
911 2754 952 2826 S.
976 2755 1133 2844 Marire,
1158 2757 1212 2827 ita
1230 2773 1269 2827 ut

202 2870 249 2944 de
271 2869 424 2968 singulis
450 2869 554 2941 molis
577 2870 651 2941 duo
677 2875 815 2941 nummi
837 2868 969 2942 dentur
992 2869 1046 2943 ad
1070 2870 1268 2943 luminaria

203 2986 377 3058 ecclesia.
402 2986 454 3055 Et
474 2987 637 3083 quisquis
651 2981 834 3080 fraudem
847 2986 1005 3082 fiecerit,
1028 2989 1186 3086 quinque
1206 3011 1268 3057 so-

204 3101 300 3175 lidos
313 3101 447 3191 solvat,
462 3126 535 3201 pro
552 3125 626 3199 qua
643 3126 682 3172 re
697 3100 872 3174 hactenus
885 3125 930 3173 tx
947 3102 1057 3175 solidi
1076 3101 1268 3174 solveban-

204 3237 273 3291 tur.
298 3226 390 3291 Hoec
418 3217 576 3291 Odelina
597 3245 693 3290 uuor
709 3245 812 3307 mea,
839 3236 873 3290 et
885 3217 967 3318 filii
989 3221 1061 3290 mei
1079 3221 1210 3291 Petrus
1234 3239 1268 3291 et

203 3335 390 3436 Radulsits
408 3334 623 3407 concedunt.
641 3333 736 3406 Inde
750 3335 942 3408 babuimus
960 3335 1133 3435 beneficia
1152 3353 1187 3408 et
1207 3363 1268 3408 so-

204 3457 367 3526 cietatcrn
370 3449 552 3551 fratrum,
571 3468 605 3523 et
611 3478 684 3552 pro
702 3453 902 3524 testimonio
920 3477 1030 3522 unum
1043 3479 1174 3551 equum
1189 3477 1268 3525 cen·

204 3586 278 3640 tum
294 3568 494 3641 solidorum
507 3569 666 3666 (quisuit
682 3567 866 3638 Grimoldi
879 3568 925 3639 de
938 3568 1168 3641 Salmarcbes
1186 3570 1265 3667 (3))

205 3711 272 3784 ego
290 3683 401 3756 babai
417 3683 515 3756 dono
534 3681 800 3755 monachorum.
820 3683 878 3754 De
895 3682 966 3755 itae
983 3685 1106 3783 itaque
1120 3710 1268 3756 eonces-

239 3907 279 3976 (ιι)
296 3903 508 3959 Probablement
521 3903 873 3970 veitice-loBmtonnenx,
885 3904 959 3959 anS.
975 3904 1012 3960 Ο.
1027 3904 1230 3961 devorantes.

240 3997 278 4064 (a)
296 3995 332 4048 le
350 3994 410 4048 bois
429 3993 464 4047 de
485 3992 576 4048 Beule.
593 3994 685 4065 Voyez
699 3993 738 4048 les
751 3994 930 4066 explicatione
948 4012 1004 4068 que
1023 4012 1094 4050 noos
1112 3996 1215 4048 venons
1233 3993 1268 4047 dc

206 4081 314 4136 donner
326 4100 362 4136 au
374 4082 445 4153 sujet
457 4081 492 4135 de
504 4093 578 4139 cette
589 4082 706 4138 localite'

243 4170 282 4240 (3)
301 4171 397 4226 Saulx·
400 4173 549 4242 Moschus,
565 4177 604 4226 'an
619 4173 783 4228 lienesSS
799 4172 835 4227 0.
848 4170 992 4227 densete
