2910 4980
551 331 668 392 LIBER
689 331 873 407 QUINTUS.
1192 334 1253 396 433

192 451 393 523 multorum
404 448 614 541 delinitione
628 450 844 548 optimatum
858 449 1047 548 praelixum
1062 466 1115 523 est
1133 451 1172 523 in
1185 478 1254 524 cu-

193 569 246 639 ria
262 567 355 667 regis
370 582 412 639 ut
427 566 589 666 culpatus
602 567 672 654 vir,
691 564 736 638 ad
751 565 1018 667 abstergendam
1031 564 1160 641 nefarii
1181 595 1256 641 ma·

194 682 310 756 culam
327 682 519 771 facinoris,
537 683 632 783 apud
647 686 887 783 Rotomagum
908 684 945 756 in
964 685 1153 783 praesentia
1170 686 1256 759 cleri

194 797 333 874 subiret
356 799 539 873 candentis
563 826 711 874 examen
728 799 900 901 chalybis.
921 800 1027 895 Quod
1051 803 1099 874 ita
1121 803 1257 876 lactum

196 932 261 990 est.
280 915 486 989 scintillans
510 916 649 990 ferrum
675 917 769 989 nuda
790 944 901 990 manu
919 919 1098 1016 portavit,
1124 919 1260 1021 Ileique

196 1052 290 1107 nutu
312 1060 388 1108 non
413 1036 556 1108 adustus
577 1036 761 1135 apparuit,
784 1051 821 1111 ct
843 1036 925 1110 inde
944 1037 1058 1111 clerus
1079 1063 1161 1110 cum
1186 1054 1260 1112 tota

198 1147 302 1249 plebe
317 1151 386 1224 alta
400 1176 487 1225 voce
500 1152 615 1225 Deum
632 1151 801 1225 laudavit.
820 1152 979 1228 Malivoli
998 1150 1117 1228 hostes
1132 1156 1259 1227 armati

198 1267 346 1343 aderant
369 1268 413 1342 ad
436 1269 694 1369 spectaculum,
719 1285 760 1341 ut
781 1270 809 1342 si
832 1296 913 1345 rcus
935 1269 1263 1370 deprehenderetur

199 1412 266 1487 per
279 1388 370 1488 iguis
377 1387 567 1487 judicium,
582 1388 760 1462 continuo
775 1403 906 1475 reatus,
926 1403 1112 1487 amputato
1127 1389 1180 1462 rei
1199 1415 1263 1462 ca·
1354 1468 1357 1473 ,

201 1504 287 1602 pite,
294 1505 486 1604 puniretur
494 1503 781 1604 pergladium.ln
792 1503 845 1577 his
854 1506 972 1604 itaque
982 1505 1166 1605 pressuris,
1176 1532 1263 1607 quas

202 1618 416 1693 Guillelmus
430 1636 466 1693 et
476 1620 530 1692 sui
542 1621 697 1720 perpessi
708 1637 806 1710 sunt,
817 1621 1010 1694 Maincrius
1019 1621 1128 1695 abbas
1137 1636 1173 1696 et
1185 1623 1264 1696 Uti·

203 1763 323 1811 censes
338 1737 505 1811 monachi
524 1736 728 1838 benigniter
745 1763 829 1811 eum
846 1738 1018 1810 consolati
1034 1755 1138 1827 sunt,
1159 1740 1266 1812 totis-

188 1878 274 1983 ¹,que
291 1852 429 1926 nisibus
445 1851 538 1952 apud
556 1855 669 1927 Deum
684 1869 720 1927 et
736 1852 901 1927 homines
918 1852 1146 1952 adjuverunt.
1160 1854 1265 1930 Unde

203 1969 359 2042 amicitia
377 1996 458 2069 erga
477 1969 557 2044 illos
576 1971 614 2042 in
631 1970 710 2068 ipso
726 1969 866 2043 firmior
882 1971 1060 2056 excrevit,
1079 1984 1115 2042 et
1131 1969 1174 2043 de
1194 1972 1267 2070 pal·

204 2085 248 2157 lis
266 2085 342 2185 (1),
357 2113 444 2187 quas
461 2087 534 2186 ipse
547 2085 591 2160 de
609 2085 735 2185 Apulia
749 2085 942 2176 detulerat,
960 2102 1116 2187 quatuor
1128 2089 1267 2187 pretio-

204 2202 314 2276 siores
340 2202 378 2275 S.
402 2202 558 2278 Ebrull'o
578 2201 732 2291 obtulit3
754 2229 796 2276 ex
817 2201 948 2303 quibus
970 2218 1126 2303 quatuor
1145 2230 1267 2303 cappae

205 2334 395 2393 cantorum
420 2321 457 2392 in
483 2318 604 2394 eadem
625 2319 729 2392 factae
756 2334 841 2393 sunt
860 2319 1024 2408 ecclesia,
1051 2346 1134 2420 quse
1154 2345 1267 2420 usque

205 2432 313 2510 hodie
332 2435 377 2509 ad
390 2435 502 2509 divini
519 2435 682 2509 decorem
698 2435 833 2508 servitii
851 2452 1039 2510 servantur
1053 2435 1198 2510 ibidem.

253 2556 341 2630 Post
364 2570 521 2628 mortem
547 2551 730 2626 Guillelmi
757 2553 850 2652 regis
874 2552 1102 2653 Anglornm‚
1135 2553 1267 2626 iterum

205 2669 414 2745 Willelmus
424 2670 592 2770 Apuliam
601 2669 768 2769 expetiit,
782 2684 838 2758 et,
853 2669 936 2742 inde
946 2668 1034 2741 dum
1047 2669 1193 2758 rediret,
1209 2698 1266 2743 re-

205 2785 334 2886 liquias
353 2785 515 2885 corporis
534 2784 728 2858 beatissimi
745 2783 877 2857 Christi
895 2784 1108 2858 confessoris
1128 2785 1267 2859 Nicolai

205 2903 357 2994 detulit,
375 2920 411 2976 et
430 2902 468 2974 in
488 2902 632 2975 ecclesia
646 2901 689 2971 B.
707 2901 804 2974 Petri
820 2902 875 2999 (a)
892 2900 986 3000 apud
1004 2901 1131 2976 Norun
1148 2902 1193 2976 ad
1208 2901 1268 2975 de·

208 3046 270 3092 cus
287 3019 440 3120 ejusdem
463 3019 533 3092 loci
556 3017 757 3091 collocavit.
780 3018 905 3090 Postea
929 3015 1111 3092 monacbis
1135 3016 1267 3091 ibidem

207 3134 420 3235 degentibus
432 3132 531 3208 dedit
545 3158 662 3205 unum
674 3133 875 3205 manerium
890 3133 928 3203 in
943 3131 1068 3231 Anglia
1075 3185 1087 3220 ,
1102 3132 1201 3232 quod
1218 3134 1271 3205 di·

209 3249 305 3323 citur
318 3249 513 3323 Traditoua
528 3248 584 3345 (3)
593 3300 604 3336 ,
623 3262 660 3320 et
672 3247 922 3323 molendinum
934 3261 971 3319 et
983 3246 1167 3320 eeclesiam
1182 3250 1271 3345 ejus-

209 3359 1270 3462 demvillae,omnemqucdecimamsexvillarumadeamdem

210 3479 393 3552 ecclesiam
405 3478 661 3578 pertinentem.

247 3730 286 3800 (ι)
303 3714 404 3783 tuffo
414 3726 449 3781 de
458 3726 527 3793 soie,
542 3723 657 3778 brodees
668 3721 738 3788 d'or‚
747 3722 816 3777 dont
827 3741 863 3778 on
873 3740 902 3777 se
912 3725 1011 3778 servait
1020 3723 1272 3796 particulierement

213 3835 285 3897 pour
295 3821 403 3877 couvrlr
416 3818 455 3872 les
464 3817 561 3873 autels.
575 3815 649 3871 C’est
662 3814 696 3869 de
709 3832 740 3869 ce
751 3824 810 3869 mot
820 3814 909 3887 qu'est
919 3834 990 3871 veuu
1000 3816 1026 3871 le
1036 3826 1124 3872 terme
1134 3816 1169 3870 de
1178 3815 1272 3871 blason

213 3910 309 3981 paillc',
323 3909 372 3982 qui
386 3905 436 3960 ala
453 3906 542 3961 meme
556 3902 750 3976 signification.

249 4000 289 4067 (a)
308 3996 423 4069 L’eglise
437 3995 473 4048 du
488 3994 599 4065 prieurc'
614 3992 649 4047 de
665 3991 770 4047 Noron.

250 4086 288 4157 (3)
306 4088 440 4155 Trotton,
457 4084 524 4138 dans
537 4083 562 4138 lc
575 4084 664 4136 comte
676 4082 710 4136 de
724 4081 829 4136 Sussex.

289 4204 329 4250 11.
