2910 4980
189 411 395 494 [rossum]
546 415 662 477 ursus
683 415 874 492 orsurus.
1188 419 1248 480 ass

190 533 298 627 Quod
310 533 464 607 illemox
477 531 683 635 benigniter
696 537 881 610 concessit.
894 533 1102 634 Vulfgeatus
1113 537 1244 636 itaque,

189 666 381 751 postquam
413 651 523 751 longo
550 668 710 751 tempore
737 652 939 724 Crulandiae
973 677 1094 725 curam
1119 656 1247 753 gessit,

191 794 306 843 nonas
317 767 399 866 julii
413 769 470 865 (ι)
484 767 596 857 obiit3
613 784 649 842 et
661 768 874 856 Ulllsetelus,
889 770 1079 869 Burgensis
1095 770 1251 843 ecclesiae

190 881 401 969 monachus,
414 881 781 982 Crulandiaeregimen
792 910 811 954 a
823 909 904 982 rege
912 883 1093 973 Eduardo,
1101 883 1252 983 jubente

192 999 360 1073 leofrico
366 998 493 1072 abbate
501 1025 580 1083 suo,
589 1000 753 1097 suscepit.
766 1000 832 1069 Hic
843 1022 930 1070 xxiv
939 999 1252 1072 annisCrulandiae

192 1113 361 1213 praefuit,
395 1115 646 1214 ecclesiamque
672 1140 802 1187 novam
835 1115 944 1212 (quia
979 1128 1079 1187 vetus
1108 1115 1253 1186 ruinam

193 1229 418 1324 minabatur)
451 1246 660 1303 construere
689 1230 815 1328 coepit.
846 1232 932 1331 Ejus
961 1230 1004 1301 ad
1037 1229 1105 1303 hoc
1139 1256 1253 1329 opus,

196 1347 392 1444 inspirante
424 1346 519 1433 Deo,
548 1345 732 1418 Wallerus
761 1370 878 1418 comes
904 1336 1254 1418 Northamtonieusis

195 1461 291 1535 fitius
310 1461 459 1538 Siwardi
479 1462 578 1535 ducis
598 1462 931 1535 Northumbrorum
952 1462 1094 1559 adjutor
1111 1463 1200 1551 suit,
1220 1479 1256 1537 et

195 1576 335 1664 villam,
350 1602 432 1676 quae
445 1578 626 1650 Bernecha
639 1579 771 1650 dicitur
783 1580 836 1676 (a)
845 1631 856 1667 ,
874 1577 1110 1651 servientibus
1127 1579 1202 1650 Deo
1220 1595 1256 1651 et

196 1691 235 1764 S.
260 1689 438 1765 Gutblaco
462 1692 571 1767 dedit.
597 1694 666 1787 Qui
689 1720 764 1767 non
791 1695 908 1768 multo
931 1711 1013 1794 post
1038 1695 1258 1795 malignitate

197 1807 507 1895 Normsnuorum,
526 1811 588 1909 qui
605 1812 637 1882 ei
652 1813 759 1883 nimis
777 1811 1003 1902 invidebant,
1021 1837 1172 1911 eumque
1191 1838 1259 1910 pro

198 1925 336 2024 ingenti
361 1923 539 2022 probitate
558 1929 632 2025 ejus
651 1927 880 2014 metuebant,
904 1929 1034 2025 injuste
1057 1954 1141 1999 cum
1159 1928 1261 1999 luctu

198 2039 399 2112 multorum
416 2041 531 2138 pridie
550 2041 619 2113 kal.
636 2043 727 2141 junii
746 2040 956 2114 Guintoniae
972 2043 1165 2116 decollatus
1184 2057 1256 2129 est3

199 2171 236 2229 et
247 2180 379 2253 corpus
389 2157 477 2254 ejus,
487 2157 631 2230 luditha
645 2182 756 2230 uxore
769 2161 843 2256 ejus
855 2175 1007 2258 rogante
1018 2176 1055 2233 et
1063 2158 1259 2233 Guillelmo

200 2298 282 2372 rege
306 2275 561 2370 permittente,
591 2273 636 2346 ab
663 2273 848 2348 Ulfketelo
873 2274 1002 2350 abbate
1030 2276 1259 2349 Crtdandiam

200 2388 358 2463 delatum
372 2407 435 2465 est.

247 2509 336 2581 Post
357 2532 432 2580 noo
456 2509 612 2581 multum
633 2512 803 2609 temporis
829 2511 998 2610 praesatus
1019 2507 1145 2598 abbas,
1170 2534 1264 2610 quo-

201 2625 300 2697 niam
312 2624 508 2726 Angligena
523 2642 598 2700 erat
614 2642 649 2700 et
666 2628 885 2701 Normannis
897 2653 1046 2718 exosus,
1064 2627 1108 2698 ab
1126 2627 1264 2700 aemulis

201 2755 383 2813 accusatus
399 2759 471 2828 est,
492 2758 561 2816 eta
583 2744 785 2818 Lansranoo
800 2744 1067 2844 archiepiscopo
1085 2745 1265 2844 depositus

202 2873 239 2931 et
254 2856 452 2932 Glestoniae
468 2859 622 2935 claustro
636 2859 825 2960 deputatus
838 2878 891 2934 est
905 2862 973 2961 (ὅ).
992 2862 1129 2936 Deinde
1144 2862 1264 2961 lngul-

203 2972 259 3047 fus
268 2974 940 3051 Fontiuellensismonacbusabbatiam
952 2979 1156 3052 Crnlandiar
1167 2978 1266 3051 dono

203 3089 388 3164 Guillelmi
402 3093 493 3187 regis
506 3094 661 3192 recepit,
681 3112 717 3167 et
729 3119 815 3168 xxiv
827 3098 929 3167 annis
942 3095 1191 3194 perplurimas
1205 3095 1268 3164 ad-

204 3209 388 3284 versitates
404 3211 497 3283 rexit
514 3210 586 3309 (4).
611 3212 678 3282 llic
696 3213 841 3285 natione
857 3213 1030 3312 Anglicus
1042 3226 1131 3297 erat,
1152 3209 1265 3280 scriba

206 3324 298 3423 regis
315 3323 450 3412 suerat,
473 3325 703 3422 postmodum
721 3327 915 3400 Jerusalem
932 3341 1148 3423 perrexerat.
1165 3324 1268 3397 Unde

240 3634 280 3703 (ι)
299 3632 340 3686 En
358 3631 433 3687 1052.
443 3634 561 3689 —Ainsi
574 3643 646 3688 oette
655 3634 755 3705 longus
768 3632 990 3688 administration
1003 3650 1032 3686 se
1044 3631 1132 3686 borna
1143 3635 1158 3685 a
1170 3642 1268 3705 quatre

208 3724 319 3776 anneot.

240 3811 281 3881 (a)
300 3809 432 3877 Bamacls,
447 3809 554 3866 celebre
565 3828 636 3882 pour
649 3828 689 3865 ses
702 3811 843 3878 carneres,
858 3810 925 3865 daus
938 3811 963 3866 le
974 3810 1267 3883 Northamptonshire.

241 3895 282 3969 (ὅ)
303 3898 436 3973 Eu1075.

243 3990 282 4058 (⁴)
302 3988 499 4043 L‘installation
517 3989 683 4062 d’lngulplre
703 4001 751 4045 eut
770 3990 827 4045 lieu
844 3991 870 4045 le
888 3990 921 4044 25
941 3991 1048 4062 janvier
1064 3989 1139 4064 ¹076.
1162 3990 1269 4061 Voyez,

210 4075 278 4130 daus
295 4093 345 4130 son
363 4076 489 4142 histoire,
505 4087 567 4132 tous
582 4077 621 4132 les
640 4078 738 4133 de'tails
756 4079 825 4152 qu'il
837 4079 929 4134 donne
945 4098 993 4134 sur
1012 4091 1054 4133 cet
1071 4081 1231 4134 evenoment
1244 4091 1272 4133 ot

210 4181 257 4218 sur
269 4163 310 4220 les
323 4165 524 4221 circonstauces
538 4167 586 4241 qui
599 4167 724 4227 l’avaient
738 4169 864 4242 pre'ce'de.
