2910 4980
193 444 232 505 74
469 446 652 507 HISTORIA
673 445 976 507 uectustastlca
1050 451 1261 529 [tustanus]

193 561 359 637 Tradunt
380 563 526 662 quidam
544 563 643 665 quod
660 565 712 636 vis
729 566 879 654 veneni,
899 591 974 665 quo
994 564 1089 640 idem
1108 567 1262 641 interie-

193 693 267 768 rat,
277 705 425 754 omnem
437 681 601 755 defuncti
614 679 793 755 cadaveris
806 681 995 757 humorem
1009 685 1259 774 exsiccaverat,

194 795 345 896 ideoque
374 797 496 871 nullus
517 798 601 872 inde
623 797 737 873 foetor
758 798 925 872 virorum
940 798 1096 873 naribus
1122 798 1261 875 effundi

193 910 343 985 moleste
358 928 514 1011 poterat.

241 1027 429 1102 Redeunte
446 1027 489 1101 ad
506 1029 669 1103 naturale
680 1033 739 1128 jus
756 1027 917 1103 Erualdo
932 1028 1118 1105 Uticenses
1131 1056 1261 1107 mona·

192 1142 249 1217 chi
267 1145 377 1244 gavisi
395 1164 501 1236 sunt,
523 1164 558 1220 et
579 1149 617 1220 in
637 1147 776 1220 vicinos
793 1146 1006 1235 insolentes,
1024 1149 1086 1248 qui
1106 1150 1263 1225 inemo

192 1261 324 1361 injuste
345 1263 619 1363 opprimebant,
643 1263 740 1337 iliius
761 1287 830 1360 ope
853 1264 964 1337 erecti
983 1278 1083 1336 aunt.
1101 1265 1262 1364 Tempo-

190 1374 292 1451 ribus
308 1377 496 1453 Teoderioi
515 1377 654 1451 abbatis
670 1394 706 1453 et
732 1375 908 1452 liodberti
934 1381 1145 1453 auoeeasoris
1160 1378 1260 1479 ajin,

191 1493 376 1568 Baldricus
401 1510 438 1570 et
460 1497 646 1595 Wigerius
663 1496 708 1569 de
728 1494 938 1595 Balgenmjo
964 1512 1001 1570 et
1021 1495 1187 1571 homines
1204 1499 1261 1571 sui

192 1626 320 1685 eontra
344 1612 540 1687 monachos
565 1613 763 1686 insolenter
787 1611 961 1712 agebant,
981 1628 1019 1686 et
1041 1638 1118 1686 non
1141 1612 1262 1686 solum

191 1728 242 1803 eis
261 1744 303 1801 ut
324 1729 482 1803 dominis
502 1731 612 1828 (non)
634 1726 870 1815 obediebant,
884 1730 1119 1803 verumetiam
1139 1728 1261 1828 pluri-

191 1843 262 1916 mis
282 1843 594 1945 inquietudinibus
617 1847 713 1942 ipsos
736 1843 971 1943 hominesque
987 1868 1116 1918 eorum
1129 1844 1262 1943 soepina

192 1958 468 2034 contristabant.
498 1959 604 2054 Quod
631 1957 859 2049 Radbertus,
887 1966 1081 2057 postquam
1105 1957 1261 2033 abbatim

190 2078 350 2178 regimen
368 2078 541 2177 suscepit,
559 2077 697 2149 diutius
713 2075 809 2149 serre
827 2074 1016 2174 indignum
1030 2074 1147 2150 duxit.
1165 2077 1260 2150 Nam

191 2208 340 2293 aooepto
353 2193 508 2268 fratrum
525 2194 678 2268 consilio
694 2195 863 2293 praelatos
877 2191 1026 2268 rebelles
1040 2221 1109 2292 pro
1124 2211 1260 2270 eontu-

192 2309 305 2382 maoia
318 2309 480 2391 Erualdo
495 2311 762 2408 consauguineo
775 2334 841 2380 suo
855 2306 1020 2395 tradidit,
1036 2326 1078 2381 ut
1089 2310 1165 2409 ipae
1178 2334 1261 2385 oer-

192 2425 415 2498 vicositatem
427 2450 576 2513 eorum,
591 2425 654 2524 qui
671 2423 933 2498 monachorum
949 2422 1262 2499 mansuetudinem

191 2540 338 2642 pacifice
353 2544 428 2640 pati
446 2541 745 2642 dedignabantur,
759 2540 932 2642 quamdiu
947 2541 1095 2631 viveret,
1109 2543 1260 2616 militari

193 2683 304 2730 manu
323 2673 539 2757 protereret.
566 2657 616 2730 At
638 2657 698 2731 ille
720 2658 844 2731 multia
867 2656 1087 2758 diversisque
1105 2659 1261 2733 servitiis

192 2798 253 2846 eos
265 2777 481 2874 aggravavit,
494 2791 531 2848 et
543 2775 637 2874 ipsos
652 2773 887 2873 hominesque
900 2799 1027 2847 eorum
1038 2775 1261 2849 munitiones

192 2915 271 2963 suaa
280 2891 374 2988 apud
386 2892 605 2966 Escalfoium
617 2908 653 2965 et
669 2893 841 2964 Sanctum
857 2892 1066 2964 Serenieum
1079 2891 1261 2966 custodire

194 3008 322 3107 coegit.
345 3008 450 3082 Unde
475 3008 526 3081 illi
557 3008 782 3083 Rodbertum
806 3007 969 3080 abbatem
998 3024 1035 3079 et
1062 3008 1260 3084 monachos

192 3122 325 3199 obnixe
349 3128 532 3224 petierunt
554 3141 597 3198 ut
620 3125 752 3199 iterum
775 3124 941 3222 potestati
965 3149 1092 3197 eorum
1117 3125 1259 3199 restitui

192 3259 438 3331 mererentur,
454 3245 707 3343 promittentes
723 3243 775 3316 eis
787 3266 936 3315 omnem
948 3240 1210 3339 subjectionem
1222 3256 1262 3318 et

193 3359 491 3436 emendationem
507 3360 628 3433 Abbas
640 3385 728 3433 vero
743 3384 827 3431 cum
841 3355 1026 3431 monachis
1040 3382 1263 3463 eorumpre·

192 3476 294 3551 cibus
311 3476 513 3578 adquievit,
536 3492 573 3551 et
588 3473 809 3562 Erualdum,
832 3490 874 3547 ut
893 3499 952 3548 eos
972 3472 1127 3547 eeclesiae
1148 3475 1262 3547 servi·

194 3600 263 3666 tuti
277 3647 288 3680 ,
315 3620 397 3694 quae
429 3591 625 3667 humilibus
652 3607 689 3666 et
713 3591 907 3664 mansuetis
931 3615 1014 3662 vere
1046 3588 1156 3666 libera
1180 3607 1259 3681 est,

192 3708 379 3795 redderet,
407 3712 525 3808 petiit.
556 3711 625 3783 His
649 3706 774 3782 diebus
797 3706 973 3806 Rogeriua
997 3707 1261 3807 primogenitus

193 3824 387 3923 Eugenulfi
403 3824 448 3897 de
461 3823 590 3924 Aquila
608 3824 704 3898 filius
719 3825 855 3897 occisus
872 3838 939 3893 est.
956 3821 1008 3893 De
1025 3825 1124 3919 eujus
1140 3836 1262 3898 mone

193 3939 419 4039 Engeuullus
435 3957 473 4012 et
489 3939 708 4013 Richuereda
723 3965 816 4012 uxor
832 3941 905 4034 ejus
920 3934 1021 4009 ualde
1037 3937 1157 4009 afflicti
1174 3939 1263 4011 Uti-

195 4081 279 4127 cum
293 4070 473 4129 venerunt
480 4108 492 4142 ,
513 4070 549 4127 et
570 4053 786 4128 beneficium
803 4067 913 4152 atque
933 4051 1113 4127 orationes
1130 4079 1263 4127 mona-

198 4166 350 4242 chorum
366 4195 435 4268 pro
456 4194 540 4256 sua,
558 4167 697 4268 filiique
713 4169 766 4242 sui
785 4168 931 4269 Rogerii
949 4167 1062 4241 salute
1074 4168 1262 4266 petierunt
