2926 4980
542 477 676 555 ,LlBEtt
696 479 880 555 QUINTUS.

334 592 442 650 Dilecto
453 595 526 667 patri
539 593 659 652 Radullo
673 598 854 677 metropolite
866 600 915 671 (ι).

333 680 417 737 Plura
430 691 582 737 coessentes
594 701 627 738 ex
640 683 700 755 ejus
712 685 816 741 habent
828 686 975 742 meditatis.

332 771 389 840 Qui
401 771 468 826 licet
479 771 597 845 insignis
610 783 682 829 esset
693 774 843 831 virtutibus
856 775 949 843 almis,

335 862 398 919 Non
411 872 505 920 tamen
517 864 633 920 omniuo
645 867 736 921 caruit
747 865 833 922 livore
845 867 887 922 vel
901 869 951 924 ira.

334 952 405 1023 Quis
418 952 477 1011 sine
488 963 600 1026 peccato
612 952 684 1014 valet
695 955 767 1013 hauc
781 965 970 1017 muscumre
983 957 1086 1013 vitam?

335 1040 413 1095 Unus
422 1041 526 1097 habens
538 1053 655 1098 matrem
668 1046 728 1100 sine
741 1056 835 1119 patre,
848 1057 956 1120 patrem
968 1047 1026 1104 sine
1039 1059 1142 1118 matre,

333 1129 431 1204 Exegit
442 1133 503 1186 vite
517 1150 630 1186 cursum
645 1134 704 1189 sine
716 1134 829 1191 vulnere
842 1135 937 1209 colpe.

334 1221 450 1277 Saucius
463 1222 593 1277 burnauis
605 1224 760 1280 esoessibus
772 1235 857 1299 atquo
871 1235 1015 1298 gravatas,

334 1310 459 1367 Verbere
472 1310 568 1371 divino
581 1324 736 1387 correptus,
755 1314 831 1373 {levit
842 1332 945 1370 amare.

332 1402 558 1476 Stranguiriae(n)
571 1403 669 1460 morbo
682 1405 790 1480 gemuit
802 1406 942 1461 cruciante
956 1403 1085 1473 molesto,

333 1489 495 1565 Crebraque
506 1493 627 1565 septenis
641 1495 759 1568 suspiria
771 1493 889 1567 protulit
900 1494 990 1549 annis.

333 1579 380 1633 Sic
391 1597 455 1634 caro
466 1581 613 1653 peccatrix,
628 1599 680 1655 pro
693 1582 782 1656 culpis
794 1582 904 1638 subdita
914 1581 1016 1657 flagris,

335 1668 454 1725 Pertulit
462 1680 587 1726 exertum
600 1672 764 1729 medicantis
772 1674 837 1746 lure
849 1673 1000 1746 flagellum.

334 1759 494 1820 Promeruit
507 1762 572 1818 cedi
586 1763 663 1837 virga
675 1766 762 1838 patris
774 1775 858 1841 atque
870 1765 1012 1840 magistri,

332 1848 378 1903 Ad
391 1868 474 1925 quem
487 1869 552 1905 curn
564 1849 692 1926 lacrymis
705 1853 833 1909 clamavit
844 1853 961 1909 anbelus
973 1853 1093 1923 obortis,

335 1936 375 1991 Ut
388 1936 441 1991 sibi
454 1936 593 2010 placatum
603 1941 749 1996 meruisset
762 1958 876 1996 cernere
888 1939 996 1996 vultum

335 2023 443 2082 ludicii
453 2026 565 2085 aetherei
578 2038 641 2101 post
652 2028 737 2087 funus
747 2029 862 2102 spiritus
872 2028 944 2101 ejus.

339 2113 394 2169 Iste
405 2133 482 2170 sacer
494 2118 664 2187 inonachus,
679 2116 748 2175 dum
761 2137 817 2177 nox
828 2129 889 2175 erat
900 2135 977 2194 equs
988 2117 1061 2186 diei,

336 2204 438 2262 Exiite
452 2206 587 2277 tenebris,
603 2208 771 2284 meamque,
787 2211 919 2291 necisque
931 2207 1070 2283 procellis.

334 2293 464 2351 Christus
474 2297 500 2351 ei
513 2296 603 2353 lucem
616 2296 677 2367 det,
693 2309 913 2373 perpetuamque
925 2298 1062 2372 quietem,

333 2381 367 2436 In
378 2385 468 2456 patria
480 2381 551 2441 lucis
564 2396 592 2442 et
605 2403 713 2442 amoeoa
727 2384 791 2442 sede
805 2387 922 2461 quietisl
934 2387 1036 2441 Arnen.

244 2502 350 2576 XIX.
379 2505 488 2580 Anno
512 2506 556 2579 ab
579 2509 826 2582 incarnatione
846 2507 993 2581 Domini
1021 2520 1065 2578 ω
1086 2519 1261 2594 nxx⁰v1·,

197 2617 394 2694 indictione
406 2634 497 2710 x1v¹,
512 2623 599 2695 dnm
613 2623 824 2700 Goisbertus
835 2622 994 2696 medicus
1007 2622 1261 2720 compatriotas

194 2757 278 2805 suos
287 2751 324 2806 ot
334 2739 466 2811 amicos
477 2737 514 2809 in
528 2737 659 2812 Gallias
673 2738 860 2826 visitasset,
871 2752 908 2811 et
921 2736 1077 2810 officium
1087 2735 1174 2808 artis
1186 2762 1261 2809 suae

196 2848 439 2949 indigentibus
448 2870 556 2955 atque
564 2855 770 2955 petentibus
782 2852 1012 2955 impendisset
1019 2881 1030 2942 3
1040 2853 1160 2953 plures
1170 2855 1261 2927 ami-

194 2989 322 3038 corum
340 2985 376 3041 et
395 2968 629 3043 familiarium
648 2998 815 3060 suorum,
835 2970 967 3071 quibus
982 2986 1085 3045 antea
1107 2969 1262 3046 fideliter

194 3099 272 3156 arte
292 3111 352 3157 sua
375 3087 565 3175 servierat,
593 3087 703 3178 adiit,
729 3104 765 3162 et
789 3090 833 3163 de
859 3091 930 3161 suis
953 3088 1260 3188 superfluitatibus

194 3199 436 3302 eleemosynas
457 3203 573 3278 facere
596 3231 665 3305 pro
686 3223 820 3280 aeterna
843 3205 955 3278 salute
979 3203 1186 3304 benigniter
1205 3206 1260 3276 in-

195 3319 339 3407 citavit,
359 3322 584 3421 mauimeque
600 3320 644 3396 de
661 3321 716 3396 his
731 3321 838 3397 rebus
846 3375 857 3409 ,
875 3348 958 3423 quae
973 3319 1017 3394 ad
1031 3321 1160 3395 laicam
1175 3348 1261 3421 per-

194 3461 320 3508 sonam
337 3463 414 3512 non
432 3440 635 3537 pertinent,
656 3437 841 3514 monacbis
860 3439 897 3512 S.
918 3437 1061 3511 Ebrulli
1078 3436 1162 3512 dare
1180 3437 1261 3512 illos

194 3550 397 3626 admonuit.
411 3554 467 3628 Ad
480 3556 629 3630 Petrum
642 3556 890 3645 Manliensem,
907 3553 1022 3627 filium
1034 3554 1182 3629 Ansoldi
1196 3554 1262 3626 lli-

195 3669 279 3741 vitis
292 3672 510 3762 Parisiensis,
526 3673 685 3759 divertit,
700 3688 736 3747 et
750 3673 846 3746 inter
861 3671 997 3772 reliqua
1010 3669 1261 3744 familiaritatis

196 3803 234 3860 et
258 3788 425 3862 amicitiae
449 3791 628 3892 colloquia
650 3790 754 3871 illum
770 3788 961 3878 convenit,
985 3792 1191 3890 ipsumque,
1220 3803 1262 3863 ut

194 3904 357 3978 ecclesias
366 3905 410 3981 de
423 3907 554 3981 Manlia
566 3907 752 3982 monacbis
764 3905 994 3982 Uticensibus
1010 3904 1180 3996 donaret,
1196 3907 1262 3982 ob·

229 4156 269 4226 (ι)
287 4155 377 4211 llaoul
390 4157 416 4212 le
429 4157 522 4226 ilerd,
537 4160 708 4234 arcbeveque
719 4159 755 4217 de
768 4159 864 4216 Reims
876 4158 1069 4230 (11084124).

230 4246 270 4316 (a)
289 4245 363 4302 Lites
378 4271 384 4300 z
399 4252 579 4322 strangurias.
