2910 4980
191 434 252 497 316
464 435 649 498 HISTORIA
670 436 976 501 ECCLESIASTICA.
1155 444 1261 523 [1080]

192 555 333 630 utiliter
355 570 548 631 tractatum
563 575 630 633 est.
655 559 794 633 Statuta
812 585 899 635 vero
921 559 1088 647 concilii,
1108 561 1203 635 sicut
1218 561 1262 634 ab

194 672 237 745 iis
248 674 311 774 qui
329 673 591 765 interfuerunt,
607 677 781 750 veraciter
796 691 967 751 annotata
982 691 1086 766 sunt,
1105 677 1194 752 volo
1206 677 1263 751 hic

194 790 369 877 insecerc3
386 805 428 863 ut
440 793 575 890 posteri
586 792 726 866 discant
740 793 862 893 quales
878 796 917 866 in
931 794 1159 868 Normannia
1171 794 1262 896 leges

194 905 213 978 s
212 921 343 980 uerunt
358 906 428 980 sub
442 906 640 983 Guillelmo
656 935 754 1009 rege.

249 1024 454 1097 upaoeDei
459 1027 559 1125 (quae
567 1025 677 1126 vulgo
684 1025 949 1124 treviodicitur)
951 1080 964 1115 ,
971 1028 1066 1100 sicut
1075 1029 1158 1128 ipsc
1158 1031 1264 1129 prin·

195 1128 512 1242 ceps'Guillelmus
523 1170 604 1216 etun
616 1146 655 1215 in
667 1146 770 1217 initio
783 1143 1019 1217 constituerat
1029 1143 1046 1241 (
1051 1143 1101 1240 1),
1103 1143 1267 1244 fimiter

195 1265 370 1350 teneatur,
388 1276 423 1332 et
432 1286 501 1361 per
514 1260 681 1359 singulas
691 1257 911 1360 parrochias
926 1257 1034 1332 dictis
1049 1283 1266 1332 excommu-

195 1373 442 1448 nicationibus
459 1390 656 1448 icnovetur.
683 1373 760 1472 Qui
774 1398 861 1445 cem
879 1398 1021 1446 servare
1039 1389 1265 1477 contempse-

197 1490 289 1579 rint,
316 1488 374 1563 vel
397 1490 629 1590 aliquatenus
641 1487 848 1589 fregerint,
876 1491 1043 1590 episcopi
1065 1493 1266 1564 secundum

198 1606 299 1704 quod
313 1608 420 1708 prius
437 1623 612 1679 statutum
628 1624 681 1679 est
697 1632 758 1679 cos
770 1605 984 1707 judicando
997 1607 1185 1706 justitiam
1193 1605 1267 1707 fo-

198 1731 309 1813 ciam.
326 1719 370 1794 Si
384 1724 465 1823 quis
480 1749 565 1795 vem
581 1725 753 1823 episcopo
769 1747 837 1794 suo
854 1720 943 1794 inde
958 1719 1170 1794 inobediens
1175 1723 1267 1821 fias

199 1826 246 1912 rit
253 1872 270 1925 ;
288 1838 440 1941 domino
457 1842 496 1910 in
512 1840 620 1940 cujus
636 1855 731 1910 terra
747 1837 905 1929 habitat,
920 1840 1115 1939 episcopus
1129 1837 1201 1912 hoc
1211 1839 1268 1911 dc·

199 1942 385 2047 mous'tret,
402 1972 436 2028 ct
452 1955 513 2028 itte
525 1955 661 2028 subdat
670 1981 753 2027 eum
765 1955 968 2057 episcopali
974 1959 1138 2055 justitiae.
1158 1955 1269 2056 Quod

200 2075 235 2146 si
242 2090 277 2146 ct
284 2074 455 2175 domim
448 2070 586 2172 fucere
595 2068 848 2173 contempserit
851 2108 869 2162 ,·
880 2075 1199 2173 regiscicecomcs,
1204 2100 1270 2176 pcc

201 2191 412 2292 episcopum
428 2190 515 2264 inde
529 2191 737 2289 requisitus,
760 2193 862 2262 omni
876 2206 1013 2263 remoto
1030 2193 1268 2264 eoecusou'onc

189 2307 334 2409 saciat·
634 2398 635 2402 ψ

250 2450 288 2529 a.
304 2423 447 2529 Deflu's,
469 2430 531 2524 qui
547 2426 594 2498 dc
607 2426 800 2526 parentela
816 2450 887 2498 sua
903 2450 1037 2497 uxores
1057 2441 1178 2497 tenent
1184 2479 1197 2514 ,
1215 2423 1270 2497 oct

240 2773 281 2841 (ι)
299 2769 347 2827 On
361 2771 433 2826 croit
445 2773 673 2827 commoucmcnt
688 2789 743 2845 que
758 2768 970 2826 l’intsoductiou
985 2768 1059 2825 dela
1072 2768 1138 2842 paix
1154 2767 1193 2824 dc
1205 2766 1272 2823 nien

204 2878 241 2916 cn
254 2861 425 2917 Normaudie
444 2872 619 2917 acromonte
636 2878 684 2935 pas
703 2860 813 2916 auceia
827 2860 862 2916 dc
879 2860 955 2930 1061,
970 2869 1000 2915 et
1013 2859 1071 2915 l’on
1088 2859 1187 2914 donne
1205 2868 1273 2914 cette

204 2950 269 3006 date
286 2970 321 3006 au
333 2951 440 3008 concile
452 2952 561 3008 oclcbrc
578 2951 683 3008 scaen
696 2969 760 3006 avec
774 2968 829 3006 unc
843 2949 948 3024 grande
965 2948 1101 3005 solenuitc
1116 2948 1188 3004 daus
1199 2947 1272 3004 l'em·

205 3040 362 3114 placement
380 3044 418 3096 οὺ
436 3042 555 3097 existent
571 3059 672 3097 encore
691 3040 731 3096 les
750 3051 836 3096 restes
856 3039 892 3095 dc
909 3038 1014 3113 l'cglise
1034 3037 1070 3094 dc
1089 3037 1272 3094 sainte-Pais

206 3129 293 3198 Mais,
308 3129 392 3185 d'une
405 3139 485 3202 part,
498 3148 530 3184 ce
545 3130 593 3203 qui
611 3147 683 3184 nous
698 3137 771 3184 reste
783 3127 832 3183 des
847 3138 919 3182 actes
932 3126 968 3182 de
980 3145 1011 3181 ce
1022 3125 1129 3181 concile
1139 3126 1185 3180 u’a
1199 3125 1276 3199 point

207 3219 274 3273 trait
285 3221 301 3272 a
312 3219 338 3273 la
352 3219 415 3293 paix
431 3236 469 3273 ou
481 3219 556 3274 trcve
568 3217 603 3272 de
615 3218 700 3286 Dion,
715 3227 756 3287 et,
772 3217 808 3272 dc
825 3216 939 3286 l’autre,
953 3215 980 3270 le
993 3232 1107 3289 passage
1118 3215 1231 3270 suivant
1240 3211 1277 3268 du

207 3307 362 3364 Cartulaire
381 3308 416 3364 de
432 3309 539 3364 Prcaux
558 3326 629 3363 nous
642 3326 747 3381 prouvc
763 3325 818 3382 quc
836 3306 1048 3362 l‘introduction
1066 3303 1143 3360 dela
1162 3305 1229 3378 paix
1245 3301 1277 3358 dc

208 3400 281 3455 Dieu
292 3418 329 3455 eu
342 3399 527 3469 Normandie,
540 3411 570 3456 ct
589 3399 680 3455 mcmc
696 3398 722 3453 la
740 3398 919 3454 convocatiou
932 3397 1000 3451 d’un
1020 3395 1126 3450 concile
1143 3397 1161 3450 a
1177 3394 1280 3450 Caeni

209 3497 282 3543 cette
290 3489 433 3556 occasion,
448 3498 511 3543 sont
520 3487 665 3562 beaucoup
674 3486 738 3561 plus
746 3488 893 3542 anciennes
906 3508 912 3538 :
926 3483 987 3540 Hoc
997 3493 1092 3539 notum
1104 3485 1142 3538 sit
1152 3481 1280 3538 omuibus

210 3586 268 3632 tam
278 3579 466 3650 praesentibus
475 3577 678 3652 quamsuturt's
689 3577 767 3652 quod
776 3578 825 3633 illo
836 3594 912 3631 anno
924 3594 979 3648 quo
990 3577 1069 3646 prius
1078 3576 1231 3646 succeptum
1239 3579 1280 3628 est

210 3670 357 3724 concilium
373 3668 408 3724 dc
423 3688 493 3741 pace
510 3669 590 3743 apud
604 3669 751 3725 Cadimum
763 3670 833 3741 (sic)
848 3687 912 3722 cum
927 3665 1089 3738 corporibus
1104 3673 1276 3731 sanctonus,

211 3760 314 3812 invasit
331 3758 496 3831 Bajocensis
516 3763 660 3832 episcopus
673 3761 785 3814 nomine
801 3756 885 3829 Ilugo
900 3764 991 3810 terras
1005 3753 1104 3810 Sancti
1117 3751 1201 3807 Petri
1211 3751 1282 3806 Pro-

212 3848 380 3903 tcllensis....
398 3847 478 3903 Unde
487 3849 574 3903 valde
582 3858 733 3904 commotus
742 3846 861 3903 domnus
870 3846 960 3901 abbas
973 3842 1133 3917 Gradulsus
1140 3839 1284 3898 Fontine!-

215 3939 300 3991 tensis
313 3941 517 3993 monasterii...
534 3938 588 4007 Or,
601 3941 731 4013 Hugues,
745 3939 849 4011 &vtique
862 3936 897 3991 de
909 3935 1031 4008 Bayeux‚
1045 3941 1163 3988 mourut
1175 3950 1212 3987 au
1220 3947 1285 3986 ooo·

212 4024 264 4079 ciic
287 4025 322 4079 de
344 4026 439 4082 Reims
458 4045 493 4081 cu
517 4031 598 4100 1049,
620 4039 650 4084 et
668 4027 759 4083 l’ahbc
776 4023 914 4082 Gradulfc
932 4029 948 4078 a
969 4019 1240 4088 saint-Waudriilc‚
1260 4018 1284 4073 le

213 4114 231 4169 6
245 4134 318 4169 mass
336 4120 411 4190 1047.
431 4116 478 4174 On
491 4135 526 4173 nc
539 4128 606 4191 peut
623 4118 695 4174 donc
708 4119 799 4192 placer
811 4125 884 4172 cette
896 4115 1033 4189 premiirc
1046 4111 1239 4168 introduction
1251 4127 1283 4164 cn

215 4205 388 4262 Normaudic
402 4207 437 4262 dc
449 4207 474 4262 lu
487 4209 548 4281 pais
561 4208 596 4266 de
607 4209 679 4265 Dieu
691 4209 754 4282 plus
766 4206 828 4263 tard
840 4206 923 4280 qu’cn
940 4203 1016 4270 1046.
1030 4248 1033 4257 .
