2910 4980
193 455 301 533 [1069]
556 455 672 516 LIBER
694 457 887 531 QUARTUS.
1205 468 1263 527 195

194 573 440 673 impatientem
457 573 556 658 radi,
572 576 795 675 necnarigio
809 578 987 649 usitatam.
1006 577 1172 652 Reditum
1189 609 1264 654 sua-

194 688 364 766 debtibus
385 717 459 763 non
479 689 699 791 adquiescit,
724 710 874 792 pontem
899 694 975 767 fieri
1000 695 1206 769 volentibus
1229 700 1265 772 id

193 822 445 907 opportunum
472 832 546 878 non
573 834 646 879 essc
671 810 884 906 respondet,
910 836 956 882 ne
980 808 1092 883 hostis
1115 830 1264 910 repente

194 948 302 1022 super
319 949 380 996 eos
405 922 558 994 irrueret
579 938 613 995 et
632 921 832 996 inserendae
856 924 962 996 cladis
979 928 1202 1002 occasionem
1226 930 1262 1001 in

194 1041 273 1138 ipso
289 1038 572 1138 opere‘lraberet.
590 1041 678 1112 Tres
695 1038 931 1115 hebdomades
950 1043 1021 1113 illic
1039 1044 1262 1119 detinentur.

194 1159 360 1258 Denique
377 1159 490 1231 Lisois
507 1157 619 1230 audax
636 1159 756 1246 miles,
776 1186 884 1258 quem
900 1159 944 1233 de
960 1163 1190 1236 Monasteriis
1207 1167 1223 1263 (
1231 1167 1264 1262 i)

192 1274 497 1377 agnominabant,
517 1275 652 1349 llumen
671 1300 898 1375 summopere
915 1278 1133 1367 attentabat,
1154 1298 1190 1354 et
1204 1308 1266 1353 va-

192 1392 405 1491 dum-supra
428 1390 593 1492 infraque
613 1391 842 1492 quaeritabat.
864 1395 932 1467 Per
951 1395 1101 1467 multam
1117 1398 1264 1471 demum

192 1510 445 1584 difficultatem
476 1510 598 1583 locum
624 1509 914 1585 transmeabilem
940 1510 1199 1611 deprehendit,
1229 1533 1266 1590 et

193 1653 354 1700 cummi
384 1628 620 1728 magnanimis
655 1626 836 1728 equitibus
869 1630 1121 1727 pertransivit,
1158 1658 1265 1731 super

194 1743 464 1844 quoshostium
483 1742 680 1816 multitudo
698 1744 827 1832 irruit,
852 1743 912 1817 sed
936 1744 989 1816 his
1010 1746 1182 1820 acerrime
1204 1775 1266 1821 re-

193 1859 439 1961 pugnantibus
454 1887 530 1933 non
548 1859 750 1961 praevaluit.
769 1861 919 1933 Postero
934 1859 992 1934 die
1010 1862 1123 1934 Lisois
1139 1889 1265 1936 rever-

193 2002 249 2051 sus
263 1976 391 2078 prodit
403 1976 555 2069 vadum,
570 2003 637 2050 nec
649 2003 751 2050 mora
765 1977 967 2049 traducitur
981 1979 1171 2051 exercitus.
1187 1982 1266 2053 Itur

192 2119 256 2192 per
273 2095 411 2198 sylvas,
430 2093 595 2192 paludes,
619 2109 814 2180 montana,
834 2094 942 2167 valles
966 2095 1165 2169 arctissimo
1189 2112 1267 2168 tra-

194 2210 392 2311 mite‘,·'qui
417 2206 525 2285 binos
556 2211 749 2284 lateraliter
776 2211 828 2282 ire
854 2237 930 2285 non
960 2208 1175 2310 patiebatur.
1206 2213 1264 2284 Sic

193 2328 362 2405 Eboraco
388 2331 718 2429 appropinquatum
746 2344 799 2401 est
813 2382 823 2416 ,
856 2327 916 2401 sed
944 2331 1063 2402 Danos
1088 2329 1265 2430 aufugisse

193 2444 402 2520 nuntiatum
426 2464 491 2520 est.
512 2448 587 2520 Rex
609 2461 727 2519 autem
751 2443 919 2519 tribunos
937 2462 970 2518 et
992 2445 1160 2545 praesides
1182 2473 1265 2519 cum

191 2577 414 2637 armatorum
439 2589 569 2649 manu,
594 2563 657 2662 qui
684 2577 927 2634 restaurarent
951 2563 987 2633 in
1012 2561 1103 2634 urbe
1124 2564 1265 2638 castella

191 2680 346 2768 direxit,
377 2697 413 2754 et
437 2680 524 2752 alios
547 2679 785 2752 nihilominus
812 2680 848 2748 in
872 2678 950 2776 ripa
977 2675 1173 2766 llumbrae,
1198 2683 1262 2780 qui

190 2801 299 2873 Danis
315 2800 539 2884 resisterent,
553 2796 713 2896 reliquit.
731 2798 808 2893 lpse
823 2821 911 2869 vero
933 2796 969 2867 in
989 2796 1141 2870 saltuosa
1158 2823 1263 2897 quae-

187 2915 272 2989 dam
291 2931 330 2988 et
345 2914 552 2987 difficillime
568 2910 782 2986 accessibilia
802 2911 878 2985 loca
902 2913 1111 2999 contendit,
1137 2929 1172 2986 et
1197 2913 1263 2986 ab·

185 3034 281 3108 ditos
300 3033 375 3105 illic
393 3031 512 3105 hostes
530 3029 695 3130 persequi
714 3055 942 3128 summopere
961 3029 1112 3101 studuit.
1138 3030 1263 3129 Spatio

181 3166 336 3224 eentum
350 3149 601 3222 milliariorum
616 3161 728 3219 castra
745 3149 820 3242 ejus
835 3144 1104 3219 diffunduntur.
1121 3147 1263 3220 Pleros-

184 3293 262 3369 que
276 3265 396 3368 gladio
410 3265 552 3339 vindice
565 3264 669 3350 ferit,
688 3262 843 3335 aliorum
858 3258 1010 3334 latebras
1026 3261 1173 3351 evertit,
1193 3279 1263 3336 ter-

181 3409 246 3458 ras
256 3383 435 3469 devastat,
450 3398 486 3455 et
498 3381 625 3455 domos
639 3407 722 3453 curn
735 3378 843 3452 rebus
857 3377 1027 3451 omnibus
1040 3397 1259 3452 concremat.

178 3498 376 3601 Nusquam
401 3513 497 3571 tanta
523 3496 735 3570 crudelitate
760 3521 844 3566 usus
870 3509 923 3567 est
946 3493 1179 3583 Guillelmus;
1202 3494 1262 3568 hic

178 3618 348 3716 turpiter
361 3616 451 3688 vitio
471 3612 682 3700 succubuit,
701 3610 789 3683 dum
806 3611 897 3681 iram
916 3634 1015 3680 suam
1034 3634 1157 3709 regere
1175 3636 1262 3684 con·

176 3737 361 3835 tempsit,
392 3750 427 3807 et
456 3758 536 3806 reos
566 3733 815 3827 innocuosque
846 3728 921 3826 pari
955 3726 1262 3804 animadversione

172 3853 355 3947 peremit.
377 3851 488 3923 lussit
509 3849 608 3922 enim
631 3849 681 3918 ira
705 3846 914 3919 stimulante
937 3841 1114 3943 segetibus
1138 3861 1174 3918 et
1196 3874 1263 3945 pe-

177 3968 336 4044 coribus
360 3995 443 4041 cum
464 3968 554 4038 vasis
577 3984 613 4038 et
637 3966 737 4040 omni
764 3989 894 4062 genere
918 3961 1173 4036 alimentorum
1199 3991 1263 4038 re-

237 4245 268 4314 (1)
284 4246 338 4302 nes
350 4240 496 4300 Monuers.
510 4241 634 4299 Ilexiste
651 4258 687 4294 en
706 4235 877 4294 liormandie
896 4234 1034 4308 plusieurs
1051 4251 1212 4290 communes
1226 4236 1262 4291 de

198 4346 311 4389 cenom.
327 4336 365 4390 tt.
379 4335 414 4390 de
426 4332 551 4391 Gerrille
564 4347 648 4405 pense
661 4325 730 4404 qu’il
742 4324 823 4399 s'agit
835 4325 872 4380 ici
885 4323 935 4379 des
947 4323 1273 4380 Moitieis·en-Bautoia=
