2910 4980
263 403 302 464 42
535 407 717 470 HISTORIA
738 407 1040 468 Ecctmttstlca.
1113 410 1316 487 [tuso-1057]

260 521 364 593 fratri
383 548 448 595 suo
464 542 754 620 praesentaverat,
775 541 810 600 et
827 524 1037 621 willemus
1053 527 1209 625 ejusdem
1226 552 1318 626 prae·

261 635 346 707 sulis
360 635 454 707 filius
469 636 512 711 de
525 665 661 713 camera
675 642 784 740 patris
801 642 853 712 sui
869 638 1091 715 familiariter
1106 641 1315 729 sustulerat,

262 749 473 853 dilectaeque
494 781 567 826 suae
590 760 732 858 conjugi
757 756 917 829 Hadvisae
943 757 1159 830 omnimodis
1178 758 1318 859 placere

265 867 387 941 volens
399 868 573 944 detulerat
587 873 650 970 (ι).
666 872 743 947 Alia
758 899 902 974 quoque
915 874 1026 945 multa
1041 872 1135 948 bona
1150 873 1320 972 praelatus

266 986 321 1057 vir
337 987 491 1061 ecclesiae
507 1016 579 1063 suae
595 992 802 1093 adquisivit,
822 1006 857 1065 et
875 1006 947 1063 tam
965 993 1003 1063 in
1020 993 1321 1083 ornamentisec-

264 1102 484 1193 elesiasticis,
504 1133 611 1206 quam
630 1110 665 1180 in
688 1108 889 1181 necessariis
905 1105 1069 1179 subsidiis
1086 1107 1321 1206 procurandis

264 1218 437 1293 fratribus
454 1223 678 1322 acceptabilis
695 1224 777 1296 luit.

314 1339 375 1410 lll.
392 1339 614 1414 Venerabilis
631 1358 749 1415 autem
761 1342 974 1416 'leodericus
991 1339 1097 1413 abbas
1115 1341 1322 1414 monasticae

266 1452 432 1552 religioni
442 1455 624 1529 ferventer
636 1455 831 1544 insistebat,
845 1473 880 1531 et
891 1454 958 1528 sibi
968 1457 1164 1529 commissae
1175 1479 1323 1555 congre-

266 1570 403 1667 gationi
420 1570 537 1644 verbis
553 1589 590 1645 et
605 1572 772 1672 operibus
789 1571 953 1671 prodesse
970 1570 1147 1644 studebat.
1167 1571 1233 1643 Hic
1252 1570 1324 1643 suit

267 1686 413 1759 natione
447 1688 697 1778 Normannus,
734 1689 777 1761 de
809 1690 993 1789 provincia
1029 1687 1230 1788 Talogiensi
1265 1687 1322 1785 (a)

198 1890 200 1897 Ι
267 1799 459 1890 oriundus,
493 1819 625 1875 statura
656 1803 864 1892 mediocris,
896 1803 1040 1902 eloquio
1068 1803 1204 1888 suavis,
1236 1801 1324 1875 lacie

268 1912 508 2007 rubicundus,
539 1921 645 1992 sacris
674 1919 803 1993 litteris
830 1919 1008 2006 eruditus,
1038 1935 1075 1991 et
1101 1915 1147 1988 ab
1175 1916 1325 1989 infautia

269 2059 380 2134 tuque
403 2036 447 2109 ad
466 2063 572 2112 cauus
595 2039 720 2113 divino
745 2038 857 2110 cultui
882 2037 1115 2135 mancipatus.
1141 2033 1209 2108 Sed
1233 2035 1326 2106 sicut

268 2148 400 2222 zizania
424 2155 462 2224 in
488 2178 598 2226 messe
627 2155 764 2226 triticea
792 2152 1000 2250 importune
1028 2151 1212 2237 oriuntur,
1243 2174 1325 2248 quae

270 2278 433 2365 tempore
448 2270 666 2342 messionisa
684 2268 847 2370 diligenti
864 2293 1019 2340 messore
1035 2265 1196 2338 funditus
1213 2265 1326 2337 eradi-

267 2380 460 2471 cabuntur,
487 2386 631 2485 ignique
656 2411 732 2459 non
759 2385 919 2484 parcenti
949 2383 1153 2471 tradentur,
1182 2381 1232 2452 sic
1259 2378 1325 2452 filii

268 2524 422 2596 nequam
441 2519 699 2575 succrescentes
715 2501 847 2601 agmini
864 2500 1008 2598 piorum
1027 2501 1246 2586 inseruntur,
1266 2496 1327 2569 sed

271 2616 401 2710 ajusto
411 2615 531 2712 judice
553 2617 735 2716 praefinito
752 2634 914 2717 tempore
931 2615 1155 2715 detegentur,
1174 2613 1327 2685 meritis-

270 2754 341 2830 que
353 2733 534 2833 suppliciis
548 2734 707 2808 districte
718 2734 929 2808 subdentur.
946 2733 1019 2806 Sub
1033 2731 1186 2832 praefato
1199 2729 1328 2802 abbate

271 2848 465 2920 monachus
482 2851 626 2949 quidam
640 2850 787 2925 nomine
802 2854 983 2924 Romanus
997 2851 1034 2920 in
1050 2848 1209 2921 Uticensi
1223 2871 1328 2946 grege

273 2964 560 3055 conversabatur,
581 2970 643 3067 qui
671 2968 844 3040 instinctu
867 2966 1040 3039 daemonis
1059 2964 1243 3048 staminia,
1271 2960 1328 3034 fe-

274 3081 420 3153 moralia
451 3100 487 3156 et
507 3101 633 3156 caetera
657 3084 858 3183 hujusmodi
882 3081 1081 3154 furabatur.
1109 3079 1178 3171 Qui
1200 3079 1287 3150 dum
1310 3105 1329 3148 a

273 3213 373 3295 patre
388 3199 587 3274 'teoderico
599 3227 663 3273 cur
676 3203 758 3273 talia
771 3201 929 3273 facinora
944 3211 1185 3298 perpetraret,
1202 3197 1330 3292 saepius

273 3315 535 3413 corriperetur,
564 3319 716 3390 omnino
738 3316 877 3388 furtum
906 3342 942 3388 se
969 3315 1090 3386 fecisse
1112 3308 1328 3411 denegabat,

274 3432 373 3529 quod
387 3435 568 3507 multoties
589 3432 695 3533 paulo
712 3448 794 3531 post
809 3430 1060 3507 confitebatur.
1084 3426 1243 3522 Quadam
1263 3453 1330 3497 au-

276 3564 347 3623 tem
368 3568 475 3624 nocte
494 3551 581 3624 dum
602 3552 638 3624 in
663 3549 756 3623 lecto
781 3575 846 3621 suo
864 3551 1014 3648 jaceret,
1046 3561 1207 3644 arreptus
1232 3559 1285 3615 est
1310 3569 1329 3612 a

309 3810 347 3878 (1)
360 3809 399 3863 Ce
410 3825 578 3880 personuage
592 3818 673 3878 ayant
687 3810 787 3879 e'pouse‘
800 3805 932 3872 lladvise,
948 3806 1015 3858 dtait
1027 3802 1132 3857 devcuu
1145 3803 1172 3856 lc
1182 3801 1333 3871 beau-pire

277 3898 419 3967 tl’Hugues
432 3907 460 3951 et
470 3896 504 3950 de
518 3895 639 3962 Robert,
655 3915 695 3949 ses
709 3895 816 3948 eulants
829 3895 867 3947 du
880 3893 1001 3966 premier
1013 3891 1054 3944 lit.

312 3987 350 4055 (a)
364 3986 400 4039 Le
413 3983 510 4037 Talon.
525 3984 602 4037 Aiusi
616 4000 671 4055 que
693 4001 762 4036 nous
779 3984 880 4036 l’avons
899 3980 959 4050 ddja
974 3981 1118 4052 remarque
1133 3976 1257 4040 aillrurs,
1275 3975 1333 4026 lla—

278 4075 402 4140 tornille,
419 4076 507 4146 patrie
518 4073 555 4127 du
568 4074 757 4128 bieulictnnux
772 4073 899 4137 'Phierri,
917 4071 1115 4143 u‘appartenait
1129 4087 1175 4140 pas
1188 4086 1222 4120 au
1233 4065 1331 4130 Talon,

282 4168 372 4219 maisit
387 4185 413 4217 sa
427 4166 568 4218 frontiirc.
