2910 4980
203 431 263 490 no
477 423 661 484 annona
683 420 987 487 aconrsnsnca.
1101 426 1266 507 [mass]

251 546 387 644 Adepta
406 541 580 617 tandema
596 542 797 617 senioribus
814 543 976 632 licentia,
994 546 1187 644 aquodam
1200 571 1268 620 no-

202 663 301 734 mine
314 658 495 732 Tatuvino
507 656 551 731 ad
567 656 733 745 insulam,
750 682 834 757 (pite
847 657 982 730 dicitur
991 657 1176 733 crouland
1192 660 1262 757 (r),

202 775 367 876 scaphula
396 774 568 848 adductus
592 790 646 848 est
671 775 874 874 piscatoria.
900 774 965 847 Est
989 775 1028 847 iu
1050 774 1266 850 mediterra-

156 960 158 963 ,
201 895 278 968 neis
289 892 429 994 Angliae
446 889 606 991 partibus
624 892 807 966 immense
819 891 1076 993 magnitudinis
1091 894 1264 968 acerrima

200 1012 315 1111 palus,
333 1036 417 1111 quae
434 1036 454 1082 a
470 1010 624 1084 Grontae
640 1009 802 1083 lluminis
818 1011 874 1109 (2)
893 1012 982 1110 ripis
999 1011 1147 1110 incipit;
1158 1012 1264 1085 'nunc

200 1129 358 1228 stagnis,
385 1153 484 1201 nunc
505 1126 665 1216 llactris,
691 1127 873 1202 interdum
899 1129 1013 1228 nigris
1033 1126 1202 1201 laticibus
1227 1144 1264 1203 et

201 1245 336 1321 crebris
359 1245 557 1319 insularum
584 1244 795 1320 nemoribus
817 1261 855 1319 et
879 1245 1045 1321 flexuosis
1066 1246 1261 1346 rivigarum

199 1363 419 1437 anfractibus
430 1362 476 1435 ab
489 1377 612 1436 austro
628 1364 665 1435 in
680 1362 887 1462 aquilonem
902 1365 993 1436 mari
1010 1379 1115 1436 tenus
1125 1362 1263 1465 longis-

199 1484 291 1557 simo
303 1496 421 1554 tractu
433 1481 678 1580 protenditur.
694 1480 772 1553 lllio
788 1481 909 1581 plnres
923 1480 1125 1556 inhabitare
1143 1496 1261 1555 tenta-

198 1611 342 1686 verant,
362 1594 424 1670 sed
446 1621 515 1694 pro
539 1597 731 1695 incognitis
751 1598 862 1671 eremi
880 1598 1070 1687 monstris,
1089 1614 1129 1672 et
1142 1596 1262 1673 diver-

198 1738 318 1785 sarum
361 1709 561 1785 terroribus
603 1711 803 1786 sor-marum
844 1729 958 1787 atram
1001 1712 1260 1791 habitationem

197 1829 429 1929 reliquerant.
461 1825 657 1902 Gutblacus
692 1831 833 1931 itaque,
869 1832 1000 1904 aestivis
1037 1831 1260 1932 temporibus

196 1945 375 2019 Crulanda
391 1960 632 2047 perscrutata,
648 1947 776 2020 fratres
792 1972 875 2021 suos
892 1964 929 2021 et
943 1949 1151 2048 magistros,
1169 1974 1258 2051 qnos

197 2063 407 2136 insalutatos
426 2060 626 2149 dimiserat,
646 2064 798 2137 revisere
817 2063 999 2163 profectus
1016 2078 1087 2154 est,
1110 2067 1259 2139 iterum-

196 2204 268 2280 que
289 2193 373 2279 post
396 2192 467 2252 tres
485 2202 624 2251 menses
645 2204 729 2251 cum
745 2176 886 2254 duobus
908 2181 1027 2280 pueris
1048 2180 1093 2253 ad
1111 2181 1257 2255 electam

196 2322 357 2370 eremum
368 2307 449 2368 νιιιο
459 2296 531 2368 kal.
545 2294 757 2395 septembris
769 2320 851 2368 cum
860 2300 936 2396 jam
949 2298 1024 2397 ipse
1036 2322 1126 2372 xxvi
1146 2324 1258 2375 auno·

196 2437 280 2482 rum
289 2424 391 2499 esset,
405 2435 583 2509 regressus
593 2426 659 2483 est.
674 2411 779 2483 Tunc
788 2411 826 2482 S.
839 2408 1091 2489 Bnrtbolomaei
1103 2414 1255 2514 apostoli

194 2527 401 2600 solemnitas
414 2524 632 2615 celebratur3
653 2551 762 2626 quem
776 2530 914 2601 socium
924 2528 992 2602 sibi
1010 2546 1047 2603 et
1056 2529 1254 2630 adjutorem

197 2646 236 2715 in
253 2659 398 2716 cunctas
415 2642 640 2716 adversitates
657 2669 883 2743 summopere
898 2659 1076 2745 precatur.

245 2759 460 2851 Quindecim
476 2759 580 2830 annis
595 2782 671 2831 non
687 2758 797 2833 laneis
814 2760 868 2832 vel
882 2760 1003 2848 lineis,
1023 2760 1083 2834 sed
1099 2761 1254 2861 pelliceis

194 2873 421 2948 solummodo
446 2871 663 2973 tegminibus
688 2875 835 2948 indutus
859 2891 930 2963 est,
957 2894 995 2950 et
1014 2876 1184 2953 omeiceo
1199 2878 1253 2977 (ὅ)

194 3014 338 3088 paneae
354 2987 529 3062 lutulenta
546 3014 635 3089 aqua
651 2990 704 3088 (et
716 3017 760 3064 ex
775 2991 983 3091 hispanum)
996 3008 1078 3092 post
1092 2992 1180 3068 solis
1192 3020 1254 3069 oo·

195 3133 315 3180 casum
330 3134 414 3180 usus
425 3121 490 3181 est.
504 3108 707 3182 innumeris
724 3108 827 3182 illum
840 3110 956 3185 modis
967 3112 1072 3183 Satan
1085 3112 1251 3199 tentavit,

193 3239 229 3297 et
248 3224 389 3297 irretire
404 3222 459 3296 vel
477 3225 521 3295 de
537 3248 658 3296 eremo
673 3223 848 3322 expellere
863 3224 1051 3300 laboravit.

243 3339 434 3432 Quondam
446 3364 528 3411 cnm
545 3364 610 3437 per
623 3354 694 3412 tres
710 3338 783 3412 dies
797 3342 947 3440 incoepti
961 3341 1079 3439 operis
1090 3340 1253 3442 despma-

192 3567 280 3620 existe
296 3564 383 3638 qu’un
402 3564 557 3619 monastere
571 3561 739 3631 d’hommes,
754 3561 845 3617 tandis
861 3563 923 3637 qu’t
937 3562 1101 3636 dependam
1117 3564 1170 3639 ily
1182 3567 1252 3623 avait

193 3673 231 3708 un
245 3653 449 3708 etablissement
462 3652 595 3725 religieux
611 3670 683 3724 pour
701 3651 740 3706 les
757 3651 829 3707 deux
847 3669 930 3708 sexes.
950 3654 990 3707 Μ.
1007 3652 1153 3729 stapleton
1171 3672 1252 3729 pense

192 3762 246 3816 quc
259 3743 324 3796 c’est
338 3741 461 3814 Repton,
477 3742 632 3795 monestere
643 3741 699 3795 sort
711 3741 807 3797 ancien
820 3741 887 3796 dans
901 3742 926 3796 le
940 3743 1120 3815 Derbyshire.

226 3833 236 3898 (
243 3832 264 3900 ι)
283 3828 446 3892 Crowland,
457 3827 525 3882 dans
536 3828 562 3883 lc
576 3828 777 3884 lincolnshire.

227 3919 265 3986 (a)
283 3918 363 3971 Cette
380 3915 478 3969 rivii‘re
490 3926 569 3988 porte
587 3934 687 3970 encore
698 3915 724 3970 le
739 3935 803 3970 nom
817 3917 851 3971 dc
865 3916 956 3972 Grent
968 3935 1021 3972 aux
1033 3919 1164 3974 environs
1177 3919 1212 3974 dc
1223 3936 1249 3974 sa

192 4021 303 4065 source;
316 4004 384 4059 mais
394 4004 456 4076 plns
465 4003 513 4057 bas
524 4002 576 4057 elle
590 4007 672 4076 apris
684 4004 783 4077 depuis
793 4004 819 4060 la
828 4006 964 4080 conquete
976 4005 1047 4061 celui
1059 4005 1096 4077 de
1105 4004 1189 4077 Cum,
1202 4008 1248 4082 qni

191 4102 270 4148 entre
279 4092 346 4147 dana
359 4092 385 4161 la
394 4092 579 4166 composition
588 4091 623 4148 de
633 4094 705 4148 celui
715 4093 750 4148 de
759 4093 785 4148 la
798 4094 861 4149 ville
874 4094 909 4149 de
920 4095 1098 4169 Cambridge.

224 4178 264 4251 (3)
281 4182 354 4236 Lisez
370 4207 374 4234 :
393 4182 552 4238 hordeaceo.
