2926 4980
197 477 257 540 sis
473 456 657 540 nisronn
678 477 981 540 acuamusnca.
1059 480 1268 560 [torsisse]

195 596 457 672 monachorum
478 614 596 698 patres
622 599 659 671 in
683 597 869 688 Neustria,
893 624 1051 699 quorum
1072 624 1266 675 numerosa

196 717 383 815 praeterire
391 716 590 816 compellor
601 714 825 805 charismata,
839 741 887 791 ne
897 716 1023 791 lectori
1036 731 1186 817 generet
1194 715 1268 790 fes·

197 829 326 904 tidium
347 829 532 930 prolixitas
552 832 675 903 nimia.

245 949 314 1021 xl,
328 951 439 1021 Anno
451 947 497 1022 ab
511 949 758 1023 incarnatione
765 949 912 1023 Domini
925 963 967 1021 κο
977 965 1063 1021 uxx⁰
1074 953 1135 1021 111⁶
1145 949 1267 1023 indic-

197 1065 298 1139 tione
313 1075 365 1135 xi·
382 1061 582 1137 Alexander
597 1089 686 1162 papa
707 1063 900 1150 secundus,
919 1078 1110 1164 postquam
1125 1065 1267 1138 Roma·

194 1206 281 1253 nam
303 1196 339 1254 et
359 1179 591 1279 apostolicam
611 1180 730 1254 sedem
752 1205 792 1253 xi
815 1183 919 1253 annis
943 1181 1060 1270 rexit,
1084 1207 1104 1256 e
1125 1180 1267 1255 mundo

194 1299 382 1398 migravit,
405 1312 441 1372 et
457 1295 652 1397 Gregorius
672 1317 752 1370 vir·
767 1297 830 1397 qui
850 1299 887 1370 in
904 1296 1117 1397 baptismate
1134 1296 1265 1373 Hilde-

194 1411 356 1486 brannus
375 1411 490 1485 dictus
511 1429 581 1501 est,
602 1414 789 1503 successit,
807 1430 844 1487 et
866 1414 904 1485 in
924 1411 1089 1488 cathedra
1108 1410 1266 1512 pontifi-

196 1529 261 1601 cali
286 1553 363 1601 xvn
385 1529 489 1600 annis
512 1528 603 1602 sedit
622 1530 689 1626 (1).
718 1529 785 1601 Hi'c
807 1555 826 1600 a
846 1554 961 1627 puero
984 1526 1202 1616 monachus,
1227 1529 1265 1603 ia

195 1645 273 1743 lege
290 1645 435 1717 Domini
453 1643 554 1717 valde
569 1643 725 1730 studuit,
739 1643 968 1744 multumque
983 1644 1143 1718 fervidus
1158 1669 1267 1745 prop·

196 1775 253 1832 ter
264 1761 442 1858 justitiam
456 1759 585 1831 multas
602 1761 868 1858 persecutiones
880 1760 1044 1859 pertulit.
1057 1762 1192 1833 Passim
1202 1786 1267 1860 per

196 1874 325 1952 orbem
348 1877 541 1976 apostolica
569 1876 684 1950 edicta
705 1876 915 1965 destinavit,
943 1894 978 1949 et
1001 1876 1093 1949 nulli
1116 1900 1266 1977 parcens

198 1991 402 2066 coelestibus
420 1993 573 2068 oraculis
587 1993 800 2067 terribiliter
817 1994 997 2082 intonuit,
1013 2020 1212 2094 omnesque
1222 1994 1267 2067 ad

197 2112 341 2209 nuptias
367 2113 460 2212 regis
484 2110 639 2184 Sabaoth
666 2112 792 2198 minis,
820 2109 1058 2210 precibusque
1084 2111 1264 2183 invitavit.

197 2227 363 2301 Poscenti
385 2255 487 2328 papae
517 2228 740 2303 venerandus
764 2230 870 2328 Hugo
894 2229 1136 2302 cluniacensis
1158 2224 1267 2299 abbas

198 2341 361 2416 Odonem
386 2344 526 2442 praefati
552 2345 759 2418 monasterii
782 2346 943 2444 priorem
968 2344 1054 2443 (qui
1080 2343 1268 2417 Remensis

199 2461 355 2535 ecclesiae
377 2464 571 2536 canonicus
592 2462 729 2559 suerat)
748 2488 831 2534 cum
850 2463 926 2534 aliis
945 2461 1083 2535 idoneis
1099 2460 1268 2535 coenobi-

199 2581 245 2650 tis
270 2582 422 2654 Romam
448 2581 669 2667 transmisit3
694 2606 784 2679 quos
809 2607 896 2679 papa
929 2579 1028 2651 velut
1050 2604 1070 2649 a
1094 2580 1174 2652 Deo
1198 2576 1266 2651 sibi

197 2700 324 2772 missos
350 2698 528 2796 adjutores
556 2716 706 2771 ovanter
738 2700 904 2795 suscepit.
938 2695 1104 2770 Odonem
1136 2720 1267 2795 nempe

198 2816 425 2912 praecipuum
448 2813 515 2884 sibi
537 2814 782 2887 consiliarium
808 2813 932 2915 elegit,
964 2830 1000 2887 et
1026 2811 1182 2885 Ostiensi
1208 2837 1267 2885 ec-

199 2928 314 3002 ciesiae
333 2928 541 3028 pontificem
557 2931 748 3002 constituit
761 2932 818 3029 (a)
828 2960 838 3018 ;
858 2934 957 3030 cujus
974 2929 1065 3003 sedis
1082 2954 1268 3030 praeroga-

197 3048 270 3119 tiva
289 3063 342 3121 est
361 3075 379 3119 a
399 3048 562 3121 Romano
579 3047 734 3121 electum
752 3048 849 3122 clero
868 3049 1065 3146 suscipere,
1084 3062 1121 3121 et
1137 3072 1267 3147 papam

197 3163 421 3239 benedicere.
440 3165 540 3238 Alios
555 3190 699 3266 quoque
712 3164 907 3239 monachos
919 3192 1027 3264 papa,
1041 3180 1155 3263 prout
1171 3162 1267 3236 ratio

196 3281 373 3372 dictabat,
391 3283 593 3382 promovit,
612 3300 648 3355 et
663 3281 883 3356 diversarum
898 3281 1128 3355 ecclesiarum
1143 3280 1266 3356 tuteloe

196 3401 355 3501 digniter
370 3400 545 3500 praefecit.

245 3518 426 3594 Defuncto
439 3518 600 3592 Ernaldo
615 3517 932 3598 Cenomannorum
948 3518 1136 3616 episcopa,
1157 3513 1267 3588 Guil-

230 3794 269 3863 (ι)
287 3790 442 3847 Alexandro
455 3792 481 3844 ll
495 3789 546 3861 (30
561 3790 716 3863 septembre
733 3789 843 3844 1061-21
858 3789 925 3843 avril
941 3786 1039 3863 1075),
1052 3788 1193 3862 Gregoire
1207 3786 1264 3845 vll

196 3882 241 3949 (aa
255 3880 323 3935 avril
339 3877 451 3955 107525
461 3882 516 3933 mai
532 3877 621 3949 1085).

232 3970 271 4038 (a)
288 3970 328 4024 Co
342 3987 377 4022 ne
389 3968 433 4021 sut
445 3967 524 4040 point
535 3967 674 4039 Gregoire
687 3967 759 4034 VII,
776 3969 845 4020 mais
857 3983 907 4020 son
922 3983 1080 4021 successeur
1093 3965 1202 4019 Urbain
1217 3965 1260 4031 Π,

197 4058 293 4111 ancien
313 4054 457 4110 camarado
473 4053 587 4110 d’Odon
603 4058 619 4108 a
635 4054 732 4123 Cluui,
747 4057 809 4129 qui,
826 4075 860 4108 cn
874 4056 996 4129 quittant
1008 4073 1043 4109 cn
1064 4054 1129 4109 1088
1147 4053 1173 4109 ie
1187 4055 1261 4126 siege

196 4146 305 4202 d'Ostic
323 4164 395 4218 pour
412 4144 524 4198 devenir
538 4145 680 4198 souverain
701 4144 820 4217 pontise,
837 4164 852 4215 y
873 4144 970 4217 appele
986 4163 1017 4198 cc
1034 4154 1126 4198 savant
1145 4160 1261 4216 parson—

195 4256 273 4307 nagc.
291 4236 313 4290 ll
332 4235 452 4307 i'nccupa
463 4236 593 4307 jusqu‘cn
610 4252 684 4290 rior.
