2910 4980
189 432 397 510 [ioca-rosa]
537 422 673 484 tram
694 422 888 498 Quantus.
1198 424 1256 483 175

189 544 360 622 nonnulli
380 544 453 615 telo
473 548 598 613 suo‘se
615 541 802 639 sociosque
822 564 908 613 suos
926 563 997 609 una
1016 536 1172 611 labentes
1189 564 1257 611 ne-

191 678 344 748 carunt,
358 677 408 733 et
432 657 537 730 multi
561 656 739 730 lethaliter
764 658 940 730 vulnerati
965 656 1021 729 vel
1044 656 1157 728 collisi
1185 659 1258 756 spi-

192 796 313 853 rantes
338 776 382 849 ad
404 801 502 848 mare
526 773 685 847 devoluti
712 790 810 847 suast.
836 773 960 845 Plures
983 773 1110 862 etiam,
1131 774 1194 873 qui
1215 773 1259 845 ad

194 919 331 995 puppes
351 917 506 992 propere
520 889 705 978 anhelant,
724 888 812 961 dum
830 889 951 961 salutis
968 890 1123 961 nimium
1139 889 1259 988 cupidi

195 1011 397 1112 trepidant,
415 1032 549 1108 suaque
566 1005 800 1079 multitudine
824 1032 931 1079 traves
945 1004 1173 1106 deprimunt,
1195 1034 1260 1079 su-

195 1130 275 1202 bito
300 1124 476 1199 submersi
504 1139 671 1224 pereunt.
700 1124 847 1223 Equites
877 1124 1079 1197 Normanni
1105 1141 1261 1224 quantos

196 1244 392 1320 consectari
427 1257 599 1342 possunt,
630 1240 942 1339 comprehendunt
985 1242 1041 1314 vel
1075 1242 1259 1314 occidunt.

197 1360 431 1436 Eustachium
443 1385 530 1433 vero
543 1358 705 1457 eripiunt
717 1356 884 1432 velocitas
898 1360 1114 1457 cornipedis,
1132 1360 1261 1432 notitia

198 1477 373 1560 tramitis,
396 1474 626 1574 paratiorque
642 1474 751 1546 navis.
774 1473 828 1546 lbi
846 1473 1088 1549 nobilissimus
1113 1477 1184 1547 tiro
1202 1503 1263 1548 nc-

198 1619 263 1694 pos
275 1594 351 1690 ejus
367 1605 490 1690 captus
507 1606 573 1663 est.
591 1589 700 1690 Angli
718 1616 784 1689 per
802 1589 1012 1663 diverticula
1028 1591 1131 1690 plura
1149 1619 1264 1665 evase·

198 1725 305 1796 runt,
328 1709 412 1808 quia
431 1709 533 1806 pauci
550 1707 685 1780 multos
706 1709 846 1808 insequi
864 1735 931 1808 per
945 1709 1081 1782 diversa
1099 1709 1266 1784 Castella-

200 1826 237 1897 ni
254 1824 511 1923 nequiverunt.

247 1939 333 2012 Nou
350 1939 467 2012 multo
492 1957 575 2038 post
590 1941 801 2014 Eustachius
826 1943 952 2015 consul
970 1942 1166 2016 Willermo
1192 1945 1266 2042 regi

201 2056 451 2131 reconciliatus
483 2073 559 2144 est,
598 2062 743 2158 ejusque
773 2059 928 2131 amicitia
962 2059 1074 2158 longo
1106 2077 1268 2156 tempore

202 2173 432 2273 postmodum
457 2174 668 2273 perfunctus
693 2192 758 2248 est.
788 2177 877 2247 Erat
901 2177 1000 2249 enim
1029 2175 1124 2249 idem
1150 2201 1269 2248 comes

202 2315 339 2391 umgnae
355 2290 580 2364 nobilitatis:
602 2319 646 2366 ex
670 2295 834 2392 prosapia
854 2293 989 2366 scilicet
1011 2292 1131 2365 Caroli
1149 2293 1269 2392 Magni

203 2407 427 2480 Francorum
454 2409 690 2480 strenuissimi
721 2410 826 2508 regis.
853 2410 943 2482 Erat
960 2434 1107 2510 quoque
1131 2434 1270 2508 magnae

205 2524 409 2622 potestatis;
440 2541 567 2623 utpote
596 2524 761 2598 sublimis
786 2527 953 2624 princeps
978 2528 1093 2598 trium
1118 2527 1273 2600 comita-

206 2656 310 2714 tuum
338 2673 347 2712 :
376 2642 617 2730 Boloniensis‚
645 2643 853 2718 Githnensis
879 2662 914 2717 et
939 2646 1215 2743 Tarwanensis(
1241 2647 1268 2739 ).

206 2757 675 2859 Generosametreligiosam
686 2765 836 2837 nomine
846 2765 953 2835 lttam
967 2761 1092 2834 habuit
1105 2787 1271 2849 uxorem,

206 2876 399 2950 Godefredi
427 2880 670 2981 Lotliaringiae
697 2881 797 2954 ducis
821 2909 1003 2968 sororem;
1028 2909 1110 2982 quae
1133 2883 1273 2981 peperit

150 3051 162 3067 ,
208 2993 239 3065 ei
265 3008 338 3064 tres
364 2992 457 3066 filios
478 3026 486 3065 ε
507 2993 755 3070 Godefredum
778 3017 815 3071 et
839 2998 1052 3070 Balduinum
1081 3024 1121 3069 ac
1143 2998 1273 3069 Eusta-

211 3107 352 3197 chium,
372 3127 408 3182 et
421 3110 551 3201 liliam,
568 3140 650 3212 quae
668 3118 792 3213 nupsit
804 3133 934 3215 quarto
951 3117 1108 3188 llenrico
1124 3118 1273 3212 impera·

211 3227 279 3299 tori
300 3225 607 3320 Alamannorum(
638 3233 667 3328 ).

209 3437 346 3446 ,Ἥ-
352 3438 496 3445 mu.
666 3441 714 3448 —
970 3439 1035 3446 ,..,-..
1039 3439 1267 3447 ———--—-—-

244 3553 284 3620 (ι)
303 3550 455 3617 tranche,
477 3552 621 3608 deuxiime
640 3554 677 3606 du
697 3571 779 3619 nom,
795 3563 885 3607 comte
901 3551 936 3604 de
949 3551 1091 3622 Boulogue
1104 3551 1179 3618 (vers
1195 3555 1276 3623 ¹⁰49·

214 3657 271 3693 vers
298 3637 398 3712 1093),
421 3640 581 3696 descendait
598 3662 632 3696 cn
649 3641 713 3695 effet
732 3642 767 3695 de
780 3641 982 3713 Clrarlemague
1003 3643 1194 3712 persumere,
1216 3642 1276 3695 Ma-

215 3737 289 3793 ltaud
302 3736 338 3790 de
351 3733 483 3787 Lonvain.
499 3732 575 3787 Nous
588 3733 698 3786 n'avons
713 3751 761 3805 pas
776 3734 969 3786 connaissance
978 3732 1071 3805 qu’ily
1085 3733 1124 3786 ait
1130 3731 1229 3802 jamais
1242 3751 1278 3786 eu

217 3825 263 3883 let
273 3836 379 3883 comtes
390 3823 426 3878 tle
439 3823 620 3887 Terentinum
638 3832 725 3894 quant
738 3840 772 3875 au
785 3824 876 3876 couite
890 3821 926 3876 de
939 3821 1056 3890 Guiues,
1073 3821 1091 3876 il
1106 3822 1279 3894 appartenait

218 3911 387 3966 iBandouin
399 3909 443 3973 1⁰,
460 3917 550 3961 comte
565 3905 707 3961 d'Ardres.
723 3907 858 3960 Eustache
870 3906 942 3960 avait
954 3908 1056 3978 e'pouse'
1073 3925 1108 3960 en
1128 3907 1279 3978 premieres

219 4021 310 4069 moes,
323 4019 384 4056 vers
401 3996 485 4063 1050,
499 3999 579 4055 Goda
589 4041 597 4065 ,
609 4016 683 4053 soeur
695 3984 1085 4054 d'Edouard-le-Coulesseur.

250 4113 288 4182 (a)
306 4110 356 4164 lde
364 4108 535 4173 d’Arulenne,
549 4108 603 4163 lille
617 4108 652 4162 de
661 4105 953 4172 Godelroi-le-Barbu‚
968 4105 1023 4159 duc
1034 4103 1070 4159 de
1081 4103 1108 4158 le
1119 4105 1280 4159 Basse-Lor-

224 4201 305 4267 niue,
326 4200 429 4253 mariae
450 4197 616 4251 ’aEustache
634 4198 660 4251 ll
678 4216 713 4251 en
727 4196 874 4251 decembre
895 4192 970 4268 1057,
992 4203 1082 4248 morte
1094 4212 1131 4248 eu
1145 4193 1233 4264 odeur
1246 4193 1282 4247 de
