2910 4980
197 424 257 485 130
472 416 655 478 HISTORIA
678 414 985 477 Eucttsltstms.
1059 413 1268 498 [rootless]

194 542 307 615 duum
332 539 401 610 iter
427 536 472 609 ad
495 537 695 612 Dominum
721 537 773 607 ire
797 535 949 636 aggressi
976 550 1074 607 sunt.
1101 536 1158 609 Ex
1183 537 1269 635 ipsis

194 655 341 759 quidam
354 655 432 754 ipso
446 669 548 752 patre
563 651 678 726 adhuc
690 653 834 725 vivente
848 651 1042 751 praemium
1058 649 1168 724 bonae
1181 658 1270 727 cou-

195 773 405 848 versationis
426 771 689 862 obtinuerunt,
708 769 840 871 aliique
863 771 902 841 in
925 785 1049 843 sancto
1075 771 1270 870 proposito

194 891 258 963 diu
272 902 566 988 permanserunt,
585 887 801 986 longamque
814 885 982 958 militiam
994 885 1150 960 viriliter
1161 912 1268 961 exer*-

196 1021 369 1092 cuerunt,
405 1004 552 1102 Ileoque
576 1003 768 1078 devotione
801 1002 960 1101 placere,
994 1017 1032 1075 et
1056 1001 1267 1077 hominibus

194 1125 379 1198 bonorum
410 1148 563 1220 operum
590 1119 814 1196 exhibitione
840 1119 1008 1219 prodesse
1032 1118 1265 1195 studuerunt.

194 1241 372 1317 Nonnulli
388 1266 476 1314 vero
496 1240 687 1315 nobilitate
708 1238 886 1339 pollentes
903 1238 1123 1312 monasterio
1140 1263 1209 1312 suo
1225 1239 1267 1313 iu

194 1359 317 1432 multis
334 1354 600 1445 subvenerunt,
619 1372 655 1430 et
672 1383 692 1429 a
711 1354 920 1454 parentibus
935 1354 1007 1426 suis
1021 1355 1079 1426 vel
1096 1360 1195 1427 notis
1209 1352 1266 1428 vel

194 1473 316 1547 amicis
328 1472 482 1545 decimas
497 1487 535 1545 et
550 1471 734 1560 ecclesias,
751 1485 788 1543 et
803 1484 1015 1543 ornamenta
1030 1468 1266 1545 ecclesiastic·

194 1588 343 1663 utilitati
356 1586 513 1660 fratrum
525 1585 779 1661 obtinuerunt.
799 1585 1016 1686 Singillatim
1029 1586 1166 1675 omnia,
1181 1608 1265 1687 qun

194 1705 319 1779 domui
344 1731 417 1777 suae
442 1702 574 1802 singuli
597 1704 832 1776 contuleruut
844 1756 855 1791 ,
888 1699 1266 1783 omninodescribero

196 1846 359 1923 neque03
379 1818 439 1893 sed
461 1835 581 1893 tamen
598 1819 734 1919 aliqua,
757 1833 868 1919 prout
884 1832 1151 1918 competentem
1166 1817 1266 1894 refe-

194 1939 298 2012 rendi
318 1937 527 2012 facultatem
547 1937 671 2012 videro
681 1991 693 2026 ,
715 1941 865 2036 juvante
882 1938 959 2011 Deo
975 1937 1150 2012 veraciter
1172 1936 1265 2011 iuti·

193 2083 292 2131 mare
309 2083 378 2155 pro
401 2055 587 2130 communi
611 2055 804 2130 commodo
821 2055 1023 2155 posteritati
1045 2055 1167 2154 cupio.

241 2174 382 2245 Primus
403 2173 522 2272 itaque
552 2170 817 2246 monachorum
836 2171 1011 2271 Rogerius
1036 2171 1080 2244 de
1102 2168 1264 2273 Altaripa

187 2295 289 2388 jussu
304 2289 446 2388 praesati
463 2286 602 2360 abbatis
625 2289 664 2361 in
684 2315 814 2389 pagum
828 2288 1065 2361 Vilcassiuum
1087 2288 1262 2387 perrexit,

191 2425 228 2482 et
243 2406 402 2480 Heldrici
420 2407 568 2479 Cortem
587 2407 641 2504 (1)
654 2407 798 2505 (quem,
816 2407 909 2478 sicut
928 2432 1034 2505 supra
1050 2406 1263 2496 retulimus,

191 2520 365 2594 Ricardus
376 2520 584 2596 vulneratus
597 2521 730 2596 Sancto
741 2520 896 2596 Ebrulfo
909 2521 1070 2621 dederat)
1083 2520 1262 2621 possedit,

191 2657 396 2740 terramque
406 2638 727 2738 incultametpene
739 2664 888 2712 vacuam
898 2638 1261 2713 cultoribusinveuit.

190 2756 296 2832 Unde
310 2757 485 2855 inprimis
498 2756 630 2830 ibidem
642 2757 846 2831 construxit
855 2756 1056 2830 oratorium
1067 2754 1112 2829 de
1123 2752 1263 2856 virgul-

193 2874 238 2945 tis
252 2875 289 2947 in
302 2871 443 2947 honore
456 2875 494 2947 S.
511 2873 649 2948 Nicolai
665 2876 898 2976 Myrreorum
911 2874 1092 2974 praesulis,
1112 2873 1266 2974 ideoque

192 2992 311 3077 vicus,
329 2992 392 3093 qui
418 3018 517 3064 nunc
540 2991 673 3067 ibidem
699 2993 885 3081 consistit,
908 2992 1041 3092 capella
1063 2992 1100 3064 S.
1125 2990 1264 3064 Nicolai

192 3132 305 3206 usque
321 3105 427 3181 hodie
444 3124 674 3208 nuncupatur
686 3108 731 3181 ab
745 3109 888 3184 incolis.
903 3111 1128 3210 Frequenter
1141 3107 1265 3183 couti-

191 3223 265 3322 git,
283 3222 376 3294 sicut
400 3224 474 3322 ipse
490 3221 597 3298 nobis
615 3223 750 3297 referre
775 3224 931 3312 solebat,
952 3224 1052 3324 quod
1069 3223 1264 3299 nocturnis

194 3338 418 3438 temporibus
431 3339 520 3412 dum
535 3341 573 3412 iu
588 3340 721 3438 capella
734 3342 852 3442 virgea
869 3343 1067 3415 matutinos
1079 3339 1262 3431 cantabat,

193 3456 299 3553 lupus
315 3482 334 3529 e
352 3471 478 3530 contra
494 3455 628 3530 deforis
644 3456 781 3549 stabat,
800 3474 836 3532 et
854 3460 954 3559 quasi
972 3459 1138 3558 psallenti
1160 3484 1265 3533 mur·

193 3574 371 3646 morando
382 3572 634 3672 respondebat.
648 3575 872 3649 Venerabilis
885 3578 1006 3675 itaque
1017 3577 1074 3648 vir
1087 3575 1265 3650 divinitus

228 3819 267 3885 (ι)
286 3815 470 3871 Heudicourt.
486 3818 579 3890 Voyez
590 3820 736 3889 cidessus,
749 3841 777 3895 p.
797 3825 854 3888 114.
868 3821 1014 3876 Iln'existe
1026 3822 1088 3896 plus
1099 3822 1135 3877 de
1144 3823 1263 3899 vestiges

195 3906 231 3960 de
244 3907 268 3959 la
281 3905 404 3979 chapelle
416 3906 632 3977 saint-Nicolas,
648 3910 677 3963 ni
690 3909 729 3965 du
740 3911 858 3965 hameau
869 3929 925 3985 que
936 3922 1017 3967 notre
1030 3922 1129 3967 auteur
1142 3930 1214 3968 nous
1222 3912 1264 3968 iu·

194 3994 281 4066 dique
300 4014 407 4050 comme
426 3995 524 4050 s'etant
543 3995 631 4052 forme
644 4008 754 4066 autour,
771 4000 839 4053 mais
855 3998 1009 4055 seulement
1026 4000 1161 4075 quelques
1176 4010 1264 4058 restet

195 4084 277 4139 d’une
294 4085 417 4159 chapelle
433 4085 468 4141 de
485 4087 711 4156 saint-Sauvcur,
726 4093 741 4143 t
754 4109 810 4162 peu
826 4089 861 4145 de
878 4090 1002 4147 distance
1014 4090 1053 4147 du
1070 4093 1214 4148 territoirs
1226 4092 1263 4149 de

195 4184 267 4228 cette
282 4192 437 4227 commuue.
