2910 4980
138 449 430 577 [sanioso-tolo]
512 496 629 560 nsua
649 499 827 561 suanus.
1162 505 1201 566 as

137 619 257 692 multo
281 634 363 718 post
385 620 417 692 ei
440 618 618 694 violenter
641 618 878 693 abstulerunt.
907 621 976 695 Sed
999 620 1202 697 Rodbertus

138 736 212 808 dux
240 760 299 808 eos
326 736 592 827 reconciliavit,
623 734 863 837 orphanisque
891 740 1134 836 compatiens,
1166 756 1202 811 et

136 852 310 952 probitati
340 878 468 927 eorum
491 853 765 955 congratulans,
793 871 836 926 ut
858 854 959 927 firma
983 882 1052 954 pax
1077 856 1199 945 fieret,

139 969 298 1068 Sappum
312 968 362 1042 eis
378 995 397 1039 a
414 967 617 1043 Gisleberto
633 971 766 1044 comite
783 971 935 1044 consilio
951 996 1017 1045 suo
1035 972 1201 1070 impetra·

137 1086 204 1157 vit.
226 1086 343 1160 Porro
362 1085 455 1159 idem
472 1113 603 1176 comes,
625 1090 707 1187 quia
724 1105 807 1186 post
820 1089 958 1189 aliquot
974 1114 1088 1163 annos
1102 1118 1201 1189 prae-

137 1200 243 1273 dictis
259 1226 311 1274 vu
328 1201 452 1274 Geroii
478 1201 559 1274 filiis
579 1203 750 1276 molestus
769 1204 862 1292 fuit,
883 1204 1004 1302 eisque
1018 1205 1197 1305 Sappum,

137 1341 247 1415 quem
264 1315 335 1389 illis
351 1317 503 1393 consilio
521 1316 696 1392 liodberti
712 1319 813 1393 ducis
832 1336 1074 1408 concesserat,
1093 1348 1200 1395 reau-

136 1433 233 1508 ferre
251 1435 387 1522 voluit,
414 1437 576 1536 quamvis
592 1437 703 1509 multa
725 1436 916 1511 hominum
935 1438 1084 1536 stipatus
1103 1440 1199 1512 mul-

139 1551 293 1625 titudine
308 1551 432 1640 fucrit,
448 1578 576 1627 eorum
592 1553 735 1626 audacia
751 1569 787 1628 et
802 1553 938 1628 viribus
955 1569 1111 1629 mortem
1127 1582 1199 1628 sus·

138 1670 265 1768 cepit(
291 1671 320 1768 ).
1298 1653 1306 1666 ’

185 1785 319 1859 Omnes
333 1788 432 1860 enim
448 1789 507 1861 isti
525 1789 652 1863 fratres
664 1788 814 1863 fuerunt
831 1793 967 1864 strenui
983 1804 1019 1864 et
1032 1790 1194 1888 dapsiles,

139 1906 176 1975 in
194 1904 322 1975 militia
340 1904 456 1977 callidi
474 1921 510 1980 et
526 1907 651 2006 agiles,
672 1906 835 1980 hostibus
855 1908 1053 1997 terribiles,
1073 1908 1198 1981 sociis-

136 2044 207 2116 que
217 2017 340 2091 blandi
353 2035 390 2091 et
400 2018 569 2093 affabiles.
584 2022 740 2096 Diversis
749 2021 936 2096 eventibus
946 2036 1150 2108 creverunt,
1162 2038 1198 2096 et

136 2134 371 2209 nibilominus
383 2138 441 2234 (ut
452 2164 487 2210 se
500 2136 606 2211 habet
617 2138 770 2211 humana
782 2138 960 2235 conditio)
971 2137 1195 2220 deciderunt.

136 2254 301 2354 longum
327 2269 380 2326 est
404 2270 441 2328 et
465 2252 553 2327 mihi
584 2253 804 2354 impossibile
829 2255 944 2328 varios
972 2254 1197 2353 singulorum

135 2384 233 2440 actus
250 2369 439 2454 discerem
450 2370 510 2444 sed
522 2369 566 2443 de
581 2371 651 2444 [ine
666 2386 806 2443 tantum
819 2371 1095 2471 uniuscujusque
1107 2370 1197 2444 libet

136 2514 329 2586 parumper
341 2489 492 2586 posteris
505 2487 564 2561 hic
577 2490 757 2562 intimare.
774 2489 969 2574 Ernaldus,
983 2489 1045 2587 qui
1064 2488 1198 2585 primo-

135 2604 276 2703 genitus
295 2618 389 2692 erat,
416 2605 473 2676 vir
493 2605 598 2677 sortis
620 2621 656 2678 et
675 2603 832 2704 probus,
856 2602 1007 2705 quadam
1029 2602 1086 2677 die
1103 2604 1196 2676 dum

135 2721 230 2820 apud
244 2721 539 2797 Monasteriolum
552 2727 748 2820 jocaretur,
772 2740 808 2794 et
829 2748 912 2794 cum
931 2720 1088 2822 quodum
1106 2721 1195 2794 forti

129 2839 260 2934 juvene
274 2837 482 2927 luctaretur,
497 2837 593 2912 forte
610 2865 716 2937 super
728 2838 908 2939 quoddam
925 2854 1070 2910 acutum
1082 2863 1195 2910 scam-

135 2980 223 3026 num
240 2957 355 3054 lapsus
377 2971 451 3043 est;
476 2957 740 3056 confractisque
757 2956 873 3028 tribus
889 2955 997 3042 costis
1020 2971 1100 3053 post
1124 2973 1196 3028 tres

169 3193 210 3262 (ι)
220 3193 296 3248 Nous
304 3212 387 3250 avons
400 3195 443 3250 dit
455 3194 591 3250 ci-dessns
603 3213 658 3268 que
671 3194 710 3249 lea
722 3195 923 3249 circonstanoos
936 3195 984 3267 qui
998 3195 1158 3248 ameuerent
1170 3190 1196 3249 la

133 3291 208 3336 mort
226 3281 261 3337 ‹le
274 3282 432 3351 Gislebert‚
447 3293 537 3338 comte
550 3283 585 3338 ‹le
601 3284 738 3351 Brionne,
754 3283 856 3336 etaient
870 3281 952 3335 d‘une
965 3292 1063 3335 nature
1076 3299 1129 3353 peu
1142 3280 1194 3334 ho-

133 3370 248 3426 norablc
267 3389 339 3444 pour
358 3370 383 3426 la
398 3373 531 3427 tne‘moire
544 3371 578 3426 de
592 3390 623 3426 ce
642 3372 780 3444 seigneur,
802 3380 830 3424 et
851 3369 906 3424 l’on
927 3371 984 3424 voit
995 3388 1030 3422 en
1048 3368 1111 3423 ellet
1128 3367 1195 3441 qu'il

133 3462 204 3514 avait
226 3460 310 3515 voulu
332 3461 436 3516 iudeus
453 3460 571 3534 reprises
589 3460 704 3533 profiter
717 3459 752 3512 de
764 3459 789 3514 la
802 3460 930 3531 jeunesse
941 3469 970 3511 et
981 3458 1016 3511 de
1028 3457 1053 3510 la
1071 3456 1195 3513 laiblesse

116 3549 182 3625 ‘des
194 3550 304 3605 enlants
313 3549 348 3605 de
359 3551 457 3607 Giroie
468 3569 541 3624 pour
552 3550 613 3605 leur
624 3549 733 3605 enlever
745 3548 802 3602 l'un
812 3546 861 3602 des
867 3545 1010 3602 doniaines
1020 3546 1059 3601 les
1070 3544 1194 3618 plusim·

133 3648 260 3709 portante
280 3637 315 3691 dc
330 3638 389 3693 leur
401 3640 583 3712 patrimoine;
598 3638 665 3691 mais
675 3638 713 3691 les
726 3635 824 3691 de'tails
836 3634 870 3689 de
883 3645 955 3689 cette
970 3644 1043 3688 mort
1054 3635 1103 3708 qui
1119 3636 1193 3689 n'cut

132 3723 190 3779 lieu
210 3725 337 3799 qn'aprbs
353 3725 531 3782 l’avdnement
544 3726 578 3781 de
591 3724 751 3782 Guillanme
765 3743 799 3778 ne
817 3733 880 3777 sont
890 3741 938 3796 pas
956 3722 1017 3795 plus
1030 3722 1194 3778 honorables

133 3831 206 3886 pour
219 3815 243 3869 la
258 3815 361 3870 lamille
373 3817 470 3871 Giroie
482 3816 658 3872 elle-meme:
683 3814 807 3888 Quodam
824 3833 918 3882 mane,
932 3813 1001 3869 dum
1011 3815 1138 3887 equitent
1152 3815 1193 3869 lo·

134 3914 266 3976 queretur
274 3924 337 3959 cum
346 3917 485 3978 compatre
494 3926 544 3962 suo
560 3906 597 3959 W
594 3907 716 3960 ascelino
726 3905 762 3959 de
773 3906 861 3958 Ponte
869 3902 1062 3976 Erebenfndt'
1070 3890 1194 3975 (lichan-

132 3991 189 4059 fre,
204 3993 321 4049 chalteau
333 3993 402 4048 &ns
420 3995 446 4049 le
467 3995 608 4050 territoire
623 3992 659 4049 de
671 3993 1060 4065 Notre-Dame-du·Hamoll‚
1074 3994 1117 4049 ant
1126 3995 1195 4047 mali

133 4087 291 4152 suspicans,
310 4083 445 4138 occiditur
460 4104 522 4139 cum
540 4085 729 4157 Fuleoiofilio
751 4085 855 4139 Geroii.
873 4083 932 4138 Hoc
948 4082 1191 4161 vesntpqhm.....

122 4173 241 4245 sactum
263 4183 304 4227 est
320 4192 372 4242 per
392 4194 492 4230 manus
510 4173 638 4229 crudeles
660 4173 766 4243 ,Orionis
786 4175 883 4229 Grossi
899 4183 927 4228 et
943 4168 1059 4229 audacis
1077 4170 1193 4229 liuberti

123 4260 188 4332 filii
198 4261 297 4316 Geroa'i.
318 4262 453 4319 Willaltn.
466 4263 607 4319 Gemmet.
621 4263 691 4320 Hist-
705 4264 873 4331 Narmann„
888 4280 945 4330 vn,
958 4280 984 4317 a.
