2910 4980
190 450 297 525 μου]
555 446 676 507 manu
696 445 890 520 Qninrus.
1197 450 1253 508 aar

189 565 333 653 batum,
358 564 522 664 filiosque
549 568 623 664 ejus
638 565 838 664 Rogerium
861 577 897 636 et
925 561 1151 637 Rodbertum
1176 567 1254 664 (ι),

190 683 351 782 aliosque
376 679 516 770 fideles,
543 680 830 779 fortissimosque
856 679 953 751 viros
979 680 1164 752 comitatui
1192 707 1259 756 suo

189 798 372 899 praefecit,
388 822 547 898 qnorum
563 824 667 871 sensu
681 813 718 870 et
730 795 867 868 viribus
881 795 1086 895 benigniter
1099 798 1238 896 adjutus
1246 852 1256 886 ,

191 918 288 990 inter
305 916 478 988 maximos
495 916 685 1015 optimates
702 914 855 985 maxime
871 913 1040 987 effloruit.

241 1034 319 1105 Rex
330 1030 544 1104 Gnillelmns
560 1029 734 1104 Gualievo
746 1030 870 1102 comiti
884 1029 960 1104 filio
973 1030 1111 1103 Sivardi
1123 1048 1260 1130 poten-

192 1148 332 1220 tissimo
343 1145 544 1245 Angiorum
560 1145 772 1218 comitatum
786 1143 1077 1218 Northamtoniae
1087 1146 1185 1218 dedit
1194 1151 1259 1244 (a),

193 1263 299 1362 eique
312 1260 435 1334 Judith
453 1275 598 1360 neptem
612 1287 712 1332 suam
725 1261 796 1357 (3),
813 1276 855 1331 ut
871 1259 973 1332 firma
993 1262 1088 1335 inter
1100 1287 1160 1335 eos
1173 1265 1261 1335 ami-

193 1379 276 1451 citia
294 1377 525 1478 perduraret,
546 1378 583 1448 in
601 1376 835 1449 matrimonio
849 1378 1058 1474 conjunxit3
1077 1405 1159 1478 quae
1176 1379 1262 1451 duas

194 1495 285 1569 filias
301 1495 474 1595 speciosas
495 1495 627 1567 marito
646 1519 711 1566 suo
731 1494 885 1592 peperit.
908 1494 1094 1568 Gualterio
1116 1522 1262 1598 quoque

193 1626 440 1712 cognomento
456 1608 607 1683 Gifardo
620 1610 674 1708 (4)
692 1610 904 1682 comitatum
921 1609 1207 1711 Bucbingeham,
1227 1627 1264 1686 et

195 1728 391 1801 Gnilleimo
422 1728 469 1800 de
496 1728 708 1815 Gnarenna,
742 1727 803 1826 qui
841 1725 1072 1800 Gundredam
1101 1754 1262 1802 sororem

196 1844 381 1920 Gherbudi
413 1848 602 1944 conjugem
631 1841 804 1930 habebat,
834 1841 933 1916 dedit
968 1845 1169 1944 Sutregiam
1196 1847 1262 1944 ().

196 1960 315 2037 Odoni
325 1987 410 2035 vero
420 1959 669 2058 Campaniensi
680 1961 746 2055 (6),
759 1958 883 2056 nepoti
896 1957 1095 2030 Theobaldi
1106 1961 1262 2048 comitis,

196 2078 257 2178 qui
270 2103 434 2152 sororem
446 2074 599 2150 habebat
608 2074 762 2174 ejusdem
776 2076 868 2174 regis
882 2104 891 2145 ε
908 2073 1018 2147 filiam
1027 2073 1163 2147 scilicet
1174 2074 1266 2149 Rud-

197 2192 289 2269 herti
302 2192 403 2266 ducis
416 2194 488 2292 (7),
503 2190 602 2265 dedit
613 2191 708 2265 idem
718 2191 932 2263 comitatum
944 2189 1180 2264 Hildernessae
1190 2193 1264 2289 (8),

198 2329 232 2386 et
244 2311 401 2386 Radulfo
412 2312 457 2385 de
470 2308 612 2384 Gnader
623 2312 675 2409 (9)
689 2335 823 2411 genero
835 2307 1020 2381 Guillelmi
1034 2307 1098 2381 filii
1113 2307 1267 2383 Osberni

233 2674 275 2740 (ι)
294 2667 342 2725 On
361 2678 458 2722 trouve
476 2667 544 2721 dans
561 2666 587 2720 le
608 2663 772 2738 Domesday
793 2663 872 2719 Boot
890 2665 984 2739 Roger
1001 2665 1107 2721 Corbet
1122 2668 1212 2740 parmi
1230 2663 1270 2723 les

203 2759 431 2815 aniene-ternanta
444 2755 483 2810 du
497 2754 674 2828 Shropshire.

234 2861 273 2930 (a)
291 2855 454 2914 Guillaurne
463 2873 498 2909 ne
509 2854 603 2909 donna
613 2872 661 2928 pas
670 2858 686 2909 a
695 2853 844 2908 Waltheof
850 2855 889 2908 les
902 2856 1007 2909 comtes
1018 2854 1054 2910 de
1063 2855 1272 2930 Northampton

207 2957 229 3002 et
242 2946 278 3002 de
290 2944 492 3018 Huntingd0n‚
507 2943 578 2998 dont
590 2962 621 2998 ce
636 2945 767 3016 seigneur
779 2941 909 3014 jonissait
922 2942 970 2998 des
984 2955 1065 3000 avant
1078 2944 1103 3001 la
1117 2947 1271 3021 conqudte,

206 3037 270 3092 nair
282 3036 301 3090 it
313 3035 353 3091 les
362 3034 401 3090 lui
415 3033 557 3089 confirma.

237 3137 276 3209 (3)
295 3137 366 3193 Filte
377 3137 413 3193 de
422 3155 450 3191 aa
462 3154 536 3191 soenr
547 3136 658 3191 nte'rinc
670 3134 818 3202 Adela'r'de,
833 3146 967 3190 comtesre
978 3134 1133 3192 d’Anmale.

236 3243 275 3314 (4)
293 3240 414 3297 Gantier
425 3237 550 3306 Giffard,
572 3239 703 3313 seigneur
713 3238 749 3294 de
761 3239 958 3312 magnavilla,
974 3241 1037 3313 pres
1055 3241 1173 3314 Dieppe.
1188 3274 1219 3282 -
1238 3244 1274 3297 Le

206 3333 294 3386 comte'
303 3329 339 3385 de
354 3328 556 3403 Buckingham.

237 3432 275 3505 (5)
293 3431 455 3489 Guillaume
465 3431 499 3487 de
511 3433 652 3489 Varenne.
669 3464 699 3472 -
714 3433 751 3486 Le
765 3435 857 3486 comte
872 3431 907 3486 de
920 3432 1033 3503 Surrey.

238 3537 278 3608 (6)
295 3535 388 3591 Endea
400 3534 435 3590 de
449 3537 644 3610 Champagne‚
661 3535 702 3590 fils
718 3522 864 3591 d'Etienne
877 3537 920 3604 ΙΙ,
939 3546 1030 3592 comte
1046 3535 1081 3591 de
1095 3537 1276 3611 champagne

201 3620 370 3702 (1037-1047
383 3644 421 3681 ou
437 3627 531 3699 1048),
546 3637 574 3682 et
587 3645 673 3681 neven
690 3623 725 3680 de
740 3624 872 3679 Thibaud
888 3627 946 3693 111,
961 3636 1052 3680 comte
1063 3625 1098 3679 de
1111 3625 1198 3695 mois,
1213 3629 1275 3700 puis

200 3706 240 3767 de
251 3713 433 3788 Champagne
446 3726 475 3768 et
487 3715 521 3768 de
536 3714 608 3769 Blois
621 3711 806 3788 (1037-1089).

239 3818 278 3891 (7)
297 3817 385 3873 Notre
397 3828 497 3873 auteur
509 3830 630 3873 commet
647 3817 682 3872 ici
700 3836 755 3872 nne
769 3836 867 3872 errenr
882 3835 973 3891 grave.
990 3818 1028 3871 La
1041 3828 1175 3874 comtesse
1189 3818 1277 3875 d’Au·

199 3905 277 3959 male
291 3905 359 3959 e'tait
372 3905 426 3959 title
439 3905 586 3961 d'Herluin
600 3905 635 3960 de
644 3906 799 3961 Conteville
812 3916 841 3960 et
855 3924 912 3959 non
926 3905 964 3960 du
977 3904 1033 3959 duc
1044 3905 1160 3961 Robert.

245 4005 284 4074 (8)
305 4006 342 4059 Le
353 4005 535 4074 Hoiderness‚
548 4006 726 4078 aujourd’bui
739 4008 860 4080 compris
874 4007 942 4061 dans
951 4007 977 4062 le
989 4010 1080 4061 comte
1094 4007 1207 4064 d’York.

211 4188 234 4244 h
247 4111 287 4182 (9)
304 4107 395 4162 Raoul
414 4108 449 4163 de
466 4108 582 4171 Gnader
596 4127 633 4164 ou
647 4108 682 4163 de
695 4109 767 4166 Gael
778 4109 1035 4180 (Ille-et-Vilaine).
1047 4141 1079 4150 -
1091 4111 1128 4165 Le
1140 4114 1230 4167 comte
1243 4112 1278 4167 de

229 4193 338 4252 'attolle
