2910 4980
198 397 239 457 aa
471 394 656 456 msronu
676 391 982 457 ccctrsnsuca.
1157 401 1265 481 [roca]

197 533 362 618 parentas
384 542 485 606 suos,
503 517 566 617 qui
590 517 727 617 magnis
752 514 885 590 ibidem
902 515 1033 616 opibus
1057 516 1262 617 pollebant,

197 635 358 737 perrexit
368 662 379 722 ς
395 634 491 708 unde
510 659 587 707 non
605 633 723 708 multo
742 648 823 734 post
845 660 929 707 cum
951 634 1089 736 ingenti
1110 637 1264 734 pecunia

197 751 323 840 rediit,
339 749 495 850 ducique
510 748 639 848 pallam
657 750 850 848 pretiosam
867 749 1010 824 detulit.

246 865 471 940 Vllsedatis
480 865 741 965 aliquantulum
751 865 932 964 procellis,
943 865 1076 967 quibus
1085 866 1264 943 Uticensis

197 981 342 1055 ecclesia
361 981 519 1081 graviter
536 978 808 1082 impulsabatur,
832 979 1014 1055 Osbernus
1035 996 1159 1057 rector
1175 988 1264 1085 ejus·

197 1096 280 1171 dem
291 1150 301 1183 ,
318 1097 381 1196 qui
402 1095 540 1196 magnis
563 1120 733 1168 curarum
754 1094 969 1169 tumultibus
988 1096 1199 1199 angebatur,
1226 1116 1263 1175 et

197 1211 355 1285 mordaci
377 1210 593 1284 conscientia
616 1236 685 1310 pro
707 1210 906 1309 apostolico
925 1211 1168 1304 anathemate,
1186 1240 1263 1317 quo

195 1354 382 1428 percussus
393 1325 530 1416 fuerat,
547 1328 645 1400 intus
656 1327 892 1428 affligebatur,
907 1329 1060 1403 consilio
1073 1356 1263 1407 consensu·

194 1472 266 1547 que
279 1444 449 1533 fratrum,
461 1446 638 1519 domnum
648 1446 863 1519 Maincrium
872 1446 1043 1523 Cluniaco
1056 1451 1259 1541 revocavit,

193 1581 232 1638 et
244 1590 327 1639 eum
338 1562 542 1650 Fulcherio,
556 1589 665 1662 quem
677 1562 873 1638 Rotbertus
884 1563 993 1638 abbas
1003 1566 1165 1665 priorem
1178 1592 1262 1641 con·

195 1681 384 1767 stituerat,
408 1676 574 1777 deposito
599 1676 818 1779 subrogarit.
847 1680 936 1753 Erat
962 1681 1055 1755 idem
1079 1680 1260 1757 Osbernus

195 1794 349 1870 Herfasti
364 1794 479 1880 filius,
497 1795 541 1868 de
561 1821 654 1894 pago
674 1795 838 1896 Calcegio
853 1798 909 1896 (1)
927 1799 1121 1889 oriundus,
1141 1798 1189 1872 ab
1207 1800 1261 1874 in·

193 1912 309 1985 santia
322 1911 452 1985 litteris
474 1909 670 1985 admodum
689 1911 868 2001 eruditus,
884 1939 1050 1989 sermone
1062 1912 1257 2004 facundus,

195 2030 343 2131 ingenio
355 2054 438 2102 acer
453 2027 499 2102 ad
514 2029 637 2101 omnia
649 2028 820 2102 artificia:
839 2029 975 2104 scilicet
991 2029 1195 2130 sculpendi,
1211 2030 1261 2104 fa-

193 2146 378 2236 bricandi,
394 2146 595 2237 scribendi,
612 2161 649 2221 et
660 2147 774 2220 multa
789 2146 844 2220 his
858 2148 986 2221 similia
1002 2147 1179 2238 faciendi,
1193 2165 1260 2223 ata·

194 2279 274 2336 tura
287 2260 497 2351 mediocris,
511 2261 681 2361 perfectas
694 2263 827 2351 aetatis,
842 2265 958 2362 capite
975 2262 1111 2336 affatim
1124 2280 1259 2341 onusto

193 2379 308 2479 nigris
324 2378 465 2452 canisve
481 2377 630 2475 capillis.
648 2377 763 2477 Asper
778 2394 856 2451 erat
872 2378 1004 2476 ineptis
1018 2393 1055 2450 et
1073 2393 1260 2453 contuma-

193 2494 316 2582 cibus,
338 2494 542 2567 misericors
565 2492 718 2565 infirmis
737 2509 774 2565 et
794 2492 1031 2593 pauperihus,
1058 2510 1095 2570 et
1117 2522 1260 2598 compe-

195 2625 315 2683 tenter
329 2609 447 2707 largus
462 2606 611 2706 privatis
624 2622 661 2680 et
675 2609 873 2696 extraneis,
890 2611 929 2682 in
942 2610 1071 2684 ordine
1083 2609 1255 2703 fervidus,

192 2743 230 2801 et
250 2751 377 2800 eorum
395 2722 527 2825 quibus
545 2723 676 2797 fratres
691 2726 928 2823 corporaliter
944 2753 1005 2800 scu
1024 2728 1259 2827 spiritualiter

194 2840 422 2940 indigebant,
454 2855 672 2938 procurator
695 2839 955 2914 solertissimus.
981 2845 1133 2919 Juvenes
1155 2844 1257 2919 valde

193 2957 399 3044 coercebat,
419 2983 552 3057 eosque
572 2955 666 3031 bene
685 2957 802 3058 legere
820 2975 857 3032 et
874 2960 1023 3059 psallere
1044 2979 1152 3063 atque
1172 2966 1259 3037 scri-

193 3079 281 3153 bere
293 3075 410 3151 verbis
423 3091 461 3150 et
472 3074 681 3149 verberibus
694 3076 855 3178 cogebat.
876 3081 953 3176 lpse
970 3081 1127 3179 propriis
1144 3081 1258 3155 mani·

192 3193 261 3267 bus
272 3192 460 3292 scriptoria
474 3192 594 3289 pueris
606 3207 643 3265 et
657 3192 811 3265 indoctis
822 3190 1032 3282 fabricabat,
1049 3193 1257 3296 tabulasque

192 3339 272 3388 cera
300 3312 408 3384 illitas
433 3308 680 3409 praeparabat,
713 3312 903 3411 operisque
930 3309 1079 3384 modum
1107 3312 1256 3413 singulis

193 3431 431 3504 constitutum
449 3426 493 3499 ab
513 3429 563 3500 eis
584 3427 746 3527 quotidie
770 3426 944 3528 exigebat.
965 3430 1023 3501 Sic
1044 3430 1117 3501 otia
1139 3428 1256 3527 depel-

193 3546 271 3621 lens
283 3545 459 3647 jureniles
476 3558 613 3618 mentes
635 3544 837 3618 intentione
850 3544 930 3616 utili
951 3545 1120 3644 sagaciter
1132 3570 1258 3618 onera-

191 3664 273 3754 bat,
295 3691 422 3765 easque
447 3662 575 3738 futuro
601 3679 763 3762 tempore
787 3663 946 3736 scientiae
970 3662 1106 3735 divitiis
1128 3661 1256 3735 ditatas

191 3781 432 3883 preparabat.
458 3783 526 3853 llic
549 3781 745 3856 canonicus
769 3780 1002 3854 Luxoriensis
1026 3778 1093 3851 sub
1118 3776 1256 3854 domno
