2910 4980
201 416 260 479 358
477 413 659 474 HISTORIA
682 412 986 474 ucctsssttsrtca.

201 534 244 592 33.
343 533 518 590 Gumbaldua
529 533 609 605 justae
622 534 713 588 tenuit
726 532 916 588 moderamina
927 532 1004 599 vito,

339 623 512 697 Prospicieus
524 620 627 696 populo
641 621 804 677 venerabilis
816 620 941 696 undiquc
953 632 1046 695 pastor
1055 623 1103 692 (ι).

199 782 266 854 Hic
289 806 324 852 xr
349 780 470 869 annis,
497 794 660 876 tempore
681 777 847 878 Gregorii
865 791 902 851 et
918 778 1031 878 Sergii
1050 804 1169 877 papae,
1194 778 1262 850 Mi-

199 884 491 994 cbaeieAugnsto
502 892 693 992 Theophili
706 892 782 967 filio
795 894 1006 992 imperante,
1018 894 1145 994 viguit.
1157 894 1263 969 Anno

200 1011 245 1085 ab
271 1012 517 1084 incarnatione
543 1010 690 1084 Domini
716 1023 820 1084 nccc⁰
838 1022 899 1082 η’
928 1009 1129 1084 Ludovicus
1156 1009 1263 1110 impe·

198 1144 298 1202 rator
317 1141 384 1199 x11⁰
409 1125 479 1199 tat.
498 1126 580 1225 julii
598 1123 704 1199 obiit.
729 1127 837 1224 Cujus
855 1150 987 1226 corpus
1003 1132 1127 1226 Drogo
1146 1125 1264 1198 arcbi-

197 1244 383 1342 episcopus
408 1242 520 1315 srater
538 1245 612 1340 ejus
629 1240 942 1314 Mediomatricum
958 1239 1086 1314 urbem
1104 1239 1150 1313 ad
1164 1264 1262 1339 sepe·

198 1358 359 1432 liendum
383 1358 526 1432 detulit.
557 1358 694 1432 Divisio
719 1359 821 1457 regni
847 1357 941 1431 facta
964 1372 1040 1463 eat,
1066 1375 1103 1432 et
1128 1357 1263 1432 bellum

199 1478 294 1550 inter
313 1491 384 1548 tres
403 1475 495 1549 [ilios
511 1474 711 1548 Ludovici:
733 1474 971 1563 Ludovicum,
994 1472 1209 1548 lotharium
1230 1488 1265 1547 et

198 1590 374 1666 Karolum
387 1589 558 1679 Calvum,
581 1615 696 1689 prope
711 1588 1000 1664 Autissiodorum
1016 1605 1083 1663 ιιι0
1100 1589 1171 1662 kal.
1183 1588 1263 1687 julii

196 1704 331 1778 factum
345 1722 411 1793 est,
432 1706 470 1777 in
487 1730 562 1805 quo
578 1705 802 1778 Christianus
815 1706 971 1806 populus
987 1706 1171 1805 utrimque
1184 1730 1264 1778 mu-

197 1837 257 1894 tua
271 1822 365 1894 crede
378 1835 579 1921 prostratus
592 1837 657 1894 est.
672 1822 810 1920 Corpus
823 1823 860 1895 S.
874 1820 1038 1896 Audoeni
1052 1821 1263 1893 translatum

198 1953 251 2011 est
260 1992 270 2025 ‚
288 1938 435 2038 quando
451 1937 652 2010 Normanni
667 1939 866 2013 Rotomum
877 1954 1119 2026 vastaverunt,
1134 1954 1172 2011 et
1183 1964 1264 2011 mo-

198 2056 396 2129 nasterium
416 2055 510 2126 iilius
531 2053 608 2126 idus
624 2056 709 2127 maii
727 2070 968 2130 vastaverunt.

197 2226 241 2294 54.
342 2227 462 2300 insignis
476 2227 591 2293 Paulus,
608 2228 725 2300 pastoria
738 2227 859 2283 culmine
872 2226 983 2301 diguus,

338 2317 435 2373 Verbo
448 2317 579 2372 doctrine
590 2317 682 2387 fuisit,
693 2317 888 2393 probitateque
900 2318 961 2373 vitae
970 2321 1019 2386 (a).

196 2474 262 2545 Hic
282 2497 318 2546 vr
335 2475 456 2560 annis,
476 2489 638 2570 tempore
654 2473 765 2570 Sergii
781 2499 900 2571 papae,
916 2472 984 2545 sub
1000 2468 1173 2544 Michaeie
1188 2467 1262 2537 Au-

194 2604 301 2689 gusto
317 2589 460 2661 claruit.
482 2586 671 2660 Lotharius
688 2604 826 2686 partem
843 2588 944 2688 regui
961 2586 1139 2671 Franciae,
1156 2608 1262 2683 quam

195 2723 296 2805 pater
319 2709 392 2804 ejus
417 2721 546 2803 sponte
571 2703 737 2792 dederat,
767 2704 902 2793 tenuit,
929 2703 1050 2804 ibique
1073 2702 1258 2802 regnavit3

194 2820 293 2921 quod
307 2846 417 2919 usque
431 2817 537 2894 bodie
550 2819 802 2922 bothariugia:
821 2821 921 2894 idest
936 2820 1097 2895 Lotharii
1111 2844 1260 2918 reguum

196 2948 359 3008 vocatur.
381 2933 533 3008 Karoius
551 2933 678 3007 Calvus
695 2963 758 3010 rex
772 2936 994 3009 Francorum
1013 2951 1049 3009 et
1067 2935 1261 3034 imperator

194 3054 457 3137 Romanorum,
478 3049 669 3127 virbonus
687 3068 724 3126 et
739 3054 868 3143 fortis,
888 3054 1105 3129 constitutus
1122 3068 1188 3125 est.

192 3220 237 3280 35.
334 3222 447 3277 Waniio
459 3222 503 3275 vir
511 3222 648 3294 prudens,
662 3222 757 3278 divino
768 3222 898 3298 dogmate
910 3223 1034 3297 poliens,

333 3310 451 3364 AEternoe
463 3309 560 3365 docuit
572 3312 733 3366 commissos
743 3311 805 3383 jura
819 3311 913 3368 salutis
922 3309 971 3383 (3).

193 3468 260 3540 Hic
285 3492 322 3539 xr
347 3469 474 3555 annis,
495 3483 656 3566 tempore
674 3469 826 3555 Leonis,
852 3467 1035 3542 Benedicti
1061 3481 1097 3538 et
1123 3463 1256 3536 Nicoiai

192 3609 382 3684 paparum,
404 3582 541 3657 floruit.
565 3583 703 3676 Quinto
726 3611 822 3658 atino
839 3584 1024 3684 regiminis
1041 3585 1114 3680 ojus
1129 3580 1257 3680 gelavit

191 3727 209 3770 a
226 3702 342 3799 pridie
359 3700 428 3772 kat.
449 3699 648 3773 decembris
665 3728 776 3799 usque
794 3728 908 3775 nonas
924 3700 1060 3800 apriiis.

1051 3889 1244 3902 ...-.....-..-

224 3994 261 4059 (r)
281 3993 355 4046 Lisez
373 3991 551 4046 Guntbaldus
564 3988 753 4063 (858-junvier
766 3993 842 4059 848)-

225 4080 262 4147 (a)
281 4079 347 4132 Paul
362 4079 390 4149 (6
399 4079 507 4150 janvier
521 4077 666 4152 849-855).

224 4164 261 4237 (5)
282 4166 413 4221 chiion
427 4166 582 4239 (855-871).
