<?xml version="1.0" encoding="UTF-8"?>
<!DOCTYPE html PUBLIC "-//W3C//DTD XHTML 1.0 Transitional//EN"
    "http://www.w3.org/TR/xhtml1/DTD/xhtml1-transitional.dtd">
<html xmlns="http://www.w3.org/1999/xhtml" xml:lang="en" lang="en">
 <head>
  <title>
</title>
<meta http-equiv="Content-Type" content="text/html;charset=utf-8" />
  <meta name='ocr-system' content='tesseract 3.04.00' />
  <meta name='ocr-capabilities' content='ocr_page ocr_carea ocr_par ocr_line ocrx_word'/>
</head>
<body>
  <div class='ocr_page' id='page_1' title='image "./ordericivitalis01deligoog/ordericivitalis01deligoog_0308.png"; bbox 0 0 2910 4980; ppageno 0'>
   <div class='ocr_carea' id='block_1_1' title="bbox 174 406 1239 487">
    <p class='ocr_par' dir='ltr' id='par_1_1' title="bbox 174 406 1239 487">
     <span class='ocr_line' id='line_1_1' title="bbox 174 406 1239 487; baseline 0.001 -18"><span class='ocrx_word' id='word_1_1' title='bbox 174 410 294 487; x_wconf 68' lang='lat' dir='ltr'><strong>[rorat]</strong></span> <span class='ocrx_word' id='word_1_2' title='bbox 534 406 650 469; x_wconf 79' lang='lat' dir='ltr'><strong>traua</strong></span> <span class='ocrx_word' id='word_1_3' title='bbox 672 407 865 481; x_wconf 78' lang='lat' dir='ltr'><strong>Quaeres.</strong></span> <span class='ocrx_word' id='word_1_4' title='bbox 1179 410 1239 471; x_wconf 80' lang='lat' dir='ltr'><strong>aas</strong></span> 
     </span>
    </p>
   </div>
   <div class='ocr_carea' id='block_1_2' title="bbox 172 525 1242 2496">
    <p class='ocr_par' dir='ltr' id='par_1_2' title="bbox 172 525 1242 2496">
     <span class='ocr_line' id='line_1_2' title="bbox 172 525 1238 624; baseline -0.002 -22"><span class='ocrx_word' id='word_1_5' title='bbox 172 527 371 623; x_wconf 73' lang='lat' dir='ltr'><strong>praestolari</strong></span> <span class='ocrx_word' id='word_1_6' title='bbox 393 527 579 622; x_wconf 78' lang='lat' dir='ltr'><strong>persuasit.</strong></span> <span class='ocrx_word' id='word_1_7' title='bbox 600 525 663 598; x_wconf 91' lang='lat' dir='ltr'><strong>llle</strong></span> <span class='ocrx_word' id='word_1_8' title='bbox 679 550 766 598; x_wconf 88' lang='lat' dir='ltr'><strong>vero</strong></span> <span class='ocrx_word' id='word_1_9' title='bbox 788 525 887 624; x_wconf 86' lang='lat' dir='ltr'><strong>quod</strong></span> <span class='ocrx_word' id='word_1_10' title='bbox 911 552 930 596; x_wconf 87' lang='lat' dir='ltr'><strong>a</strong></span> <span class='ocrx_word' id='word_1_11' title='bbox 953 541 1055 622; x_wconf 86' lang='lat' dir='ltr'><strong>patre</strong></span> <span class='ocrx_word' id='word_1_12' title='bbox 1076 525 1127 596; x_wconf 90' lang='lat' dir='ltr'><strong>nil</strong></span> <span class='ocrx_word' id='word_1_13' title='bbox 1150 552 1238 600; x_wconf 89' lang='lat' dir='ltr'><strong>eon-</strong></span> 
     </span>
     <span class='ocr_line' id='line_1_3' title="bbox 172 642 1239 744; baseline -0.005 -26"><span class='ocrx_word' id='word_1_14' title='bbox 172 644 273 744; x_wconf 86' lang='lat' dir='ltr'><strong>seqni</strong></span> <span class='ocrx_word' id='word_1_15' title='bbox 297 658 440 743; x_wconf 87' lang='lat' dir='ltr'><strong>poterat</strong></span> <span class='ocrx_word' id='word_1_16' title='bbox 463 667 557 741; x_wconf 83' lang='lat' dir='ltr'><strong>aegre</strong></span> <span class='ocrx_word' id='word_1_17' title='bbox 581 642 688 729; x_wconf 88' lang='lat' dir='ltr'><strong>tulit,</strong></span> <span class='ocrx_word' id='word_1_18' title='bbox 713 657 750 715; x_wconf 93' lang='lat' dir='ltr'><strong>et</strong></span> <span class='ocrx_word' id='word_1_19' title='bbox 771 657 981 740; x_wconf 80' lang='lat' dir='ltr'><strong>arroganter</strong></span> <span class='ocrx_word' id='word_1_20' title='bbox 1003 656 1130 713; x_wconf 90' lang='lat' dir='ltr'><strong>eontra</strong></span> <span class='ocrx_word' id='word_1_21' title='bbox 1156 667 1239 716; x_wconf 91' lang='lat' dir='ltr'><strong>eum</strong></span> 
     </span>
     <span class='ocr_line' id='line_1_4' title="bbox 172 758 1236 861; baseline -0.002 -26"><span class='ocrx_word' id='word_1_22' title='bbox 172 760 387 861; x_wconf 82' lang='lat' dir='ltr'><strong>plerumque</strong></span> <span class='ocrx_word' id='word_1_23' title='bbox 412 760 578 861; x_wconf 76' lang='lat' dir='ltr'><strong>litigavit.</strong></span> <span class='ocrx_word' id='word_1_24' title='bbox 603 760 693 831; x_wconf 85' lang='lat' dir='ltr'><strong>Erat</strong></span> <span class='ocrx_word' id='word_1_25' title='bbox 714 760 811 833; x_wconf 90' lang='lat' dir='ltr'><strong>euim</strong></span> <span class='ocrx_word' id='word_1_26' title='bbox 836 760 968 860; x_wconf 87' lang='lat' dir='ltr'><strong>loquax</strong></span> <span class='ocrx_word' id='word_1_27' title='bbox 986 774 1023 833; x_wconf 87' lang='lat' dir='ltr'><strong>et</strong></span> <span class='ocrx_word' id='word_1_28' title='bbox 1045 758 1236 859; x_wconf 88' lang='lat' dir='ltr'><strong>prodigus,</strong></span> 
     </span>
     <span class='ocr_line' id='line_1_5' title="bbox 172 873 1238 976; baseline -0.003 -27"><span class='ocrx_word' id='word_1_29' title='bbox 172 876 287 949; x_wconf 81' lang='lat' dir='ltr'><strong>audax</strong></span> <span class='ocrx_word' id='word_1_30' title='bbox 302 893 340 949; x_wconf 89' lang='lat' dir='ltr'><strong>et</strong></span> <span class='ocrx_word' id='word_1_31' title='bbox 357 877 395 948; x_wconf 90' lang='lat' dir='ltr'><strong>in</strong></span> <span class='ocrx_word' id='word_1_32' title='bbox 412 875 520 947; x_wconf 90' lang='lat' dir='ltr'><strong>armis</strong></span> <span class='ocrx_word' id='word_1_33' title='bbox 535 873 789 973; x_wconf 83' lang='lat' dir='ltr'><strong>probissimus,</strong></span> <span class='ocrx_word' id='word_1_34' title='bbox 806 876 912 949; x_wconf 85' lang='lat' dir='ltr'><strong>fortis</strong></span> <span class='ocrx_word' id='word_1_35' title='bbox 929 890 1117 976; x_wconf 84' lang='lat' dir='ltr'><strong>certusque</strong></span> <span class='ocrx_word' id='word_1_36' title='bbox 1131 877 1238 976; x_wconf 89' lang='lat' dir='ltr'><strong>sagit-</strong></span> 
     </span>
     <span class='ocr_line' id='line_1_6' title="bbox 172 988 1238 1089; baseline 0.002 -27"><span class='ocrx_word' id='word_1_37' title='bbox 172 992 303 1079; x_wconf 84' lang='lat' dir='ltr'><strong>tarius,</strong></span> <span class='ocrx_word' id='word_1_38' title='bbox 315 1016 403 1065; x_wconf 79' lang='lat' dir='ltr'><strong>voce</strong></span> <span class='ocrx_word' id='word_1_39' title='bbox 417 990 509 1063; x_wconf 89' lang='lat' dir='ltr'><strong>clara</strong></span> <span class='ocrx_word' id='word_1_40' title='bbox 523 1007 559 1065; x_wconf 87' lang='lat' dir='ltr'><strong>et</strong></span> <span class='ocrx_word' id='word_1_41' title='bbox 573 989 684 1063; x_wconf 88' lang='lat' dir='ltr'><strong>libera</strong></span> <span class='ocrx_word' id='word_1_42' title='bbox 692 1044 703 1079; x_wconf 95' lang='lat'><strong>,</strong></span> <span class='ocrx_word' id='word_1_43' title='bbox 718 988 838 1089; x_wconf 86' lang='lat' dir='ltr'><strong>lingua</strong></span> <span class='ocrx_word' id='word_1_44' title='bbox 855 991 999 1080; x_wconf 89' lang='lat' dir='ltr'><strong>diserta,</strong></span> <span class='ocrx_word' id='word_1_45' title='bbox 1015 989 1105 1065; x_wconf 87' lang='lat' dir='ltr'><strong>facie</strong></span> <span class='ocrx_word' id='word_1_46' title='bbox 1117 989 1238 1080; x_wconf 84' lang='lat' dir='ltr'><strong>obesa,</strong></span> 
     </span>
     <span class='ocr_line' id='line_1_7' title="bbox 172 1104 1240 1207; baseline -0.003 -26"><span class='ocrx_word' id='word_1_47' title='bbox 172 1132 325 1207; x_wconf 79' lang='lat' dir='ltr'><strong>corpore</strong></span> <span class='ocrx_word' id='word_1_48' title='bbox 342 1107 489 1206; x_wconf 86' lang='lat' dir='ltr'><strong>pingui,</strong></span> <span class='ocrx_word' id='word_1_49' title='bbox 516 1106 687 1206; x_wconf 82' lang='lat' dir='ltr'><strong>brevique</strong></span> <span class='ocrx_word' id='word_1_50' title='bbox 704 1121 858 1194; x_wconf 86' lang='lat' dir='ltr'><strong>statura,</strong></span> <span class='ocrx_word' id='word_1_51' title='bbox 877 1104 973 1179; x_wconf 89' lang='lat' dir='ltr'><strong>uude</strong></span> <span class='ocrx_word' id='word_1_52' title='bbox 997 1106 1105 1207; x_wconf 84' lang='lat' dir='ltr'><strong>vulgo</strong></span> <span class='ocrx_word' id='word_1_53' title='bbox 1126 1106 1240 1179; x_wconf 86' lang='lat' dir='ltr'><strong>Gam-</strong></span> 
     </span>
     <span class='ocr_line' id='line_1_8' title="bbox 172 1223 1067 1325; baseline -0.001 -26"><span class='ocrx_word' id='word_1_54' title='bbox 172 1223 286 1299; x_wconf 77' lang='lat' dir='ltr'><strong>baron</strong></span> <span class='ocrx_word' id='word_1_55' title='bbox 301 1225 359 1323; x_wconf 87' lang='grc' dir='ltr'><strong>(ι)</strong></span> <span class='ocrx_word' id='word_1_56' title='bbox 376 1225 651 1325; x_wconf 83' lang='lat' dir='ltr'><strong>cognominatus</strong></span> <span class='ocrx_word' id='word_1_57' title='bbox 667 1238 738 1313; x_wconf 90' lang='lat' dir='ltr'><strong>est,</strong></span> <span class='ocrx_word' id='word_1_58' title='bbox 753 1240 789 1298; x_wconf 89' lang='lat' dir='ltr'><strong>et</strong></span> <span class='ocrx_word' id='word_1_59' title='bbox 806 1224 1067 1298; x_wconf 81' lang='lat' dir='ltr'><strong>Brevis-ocrea.</strong></span> 
     </span>
     <span class='ocr_line' id='line_1_9' title="bbox 218 1341 1241 1441; baseline -0.001 -26"><span class='ocrx_word' id='word_1_60' title='bbox 218 1341 414 1440; x_wconf 83' lang='lat' dir='ltr'><strong>Quondam</strong></span> <span class='ocrx_word' id='word_1_61' title='bbox 434 1343 521 1416; x_wconf 91' lang='lat' dir='ltr'><strong>dum</strong></span> <span class='ocrx_word' id='word_1_62' title='bbox 546 1368 609 1415; x_wconf 82' lang='lat' dir='ltr'><strong>rex</strong></span> <span class='ocrx_word' id='word_1_63' title='bbox 631 1360 757 1416; x_wconf 86' lang='lat' dir='ltr'><strong>contra</strong></span> <span class='ocrx_word' id='word_1_64' title='bbox 776 1341 1039 1416; x_wconf 87' lang='lat' dir='ltr'><strong>Corbonienaes</strong></span> <span class='ocrx_word' id='word_1_65' title='bbox 1057 1344 1112 1441; x_wconf 80' lang='lat' dir='ltr'><strong>(a)</strong></span> <span class='ocrx_word' id='word_1_66' title='bbox 1131 1368 1241 1441; x_wconf 82' lang='lat' dir='ltr'><strong>expe-</strong></span> 
     </span>
     <span class='ocr_line' id='line_1_10' title="bbox 172 1457 1239 1559; baseline -0.001 -28"><span class='ocrx_word' id='word_1_67' title='bbox 172 1459 350 1533; x_wconf 78' lang='lat' dir='ltr'><strong>ditionem</strong></span> <span class='ocrx_word' id='word_1_68' title='bbox 376 1457 494 1532; x_wconf 81' lang='lat' dir='ltr'><strong>faeere</strong></span> <span class='ocrx_word' id='word_1_69' title='bbox 519 1475 755 1557; x_wconf 81' lang='lat' dir='ltr'><strong>praepararet,</strong></span> <span class='ocrx_word' id='word_1_70' title='bbox 787 1474 824 1531; x_wconf 93' lang='lat' dir='ltr'><strong>et</strong></span> <span class='ocrx_word' id='word_1_71' title='bbox 853 1459 892 1532; x_wconf 90' lang='lat' dir='ltr'><strong>in</strong></span> <span class='ocrx_word' id='word_1_72' title='bbox 920 1457 1054 1559; x_wconf 90' lang='lat' dir='ltr'><strong>oppido</strong></span> <span class='ocrx_word' id='word_1_73' title='bbox 1081 1458 1239 1532; x_wconf 86' lang='lat' dir='ltr'><strong>Rieberii</strong></span> 
     </span>
     <span class='ocr_line' id='line_1_11' title="bbox 172 1576 1241 1679; baseline -0.003 -27"><span class='ocrx_word' id='word_1_74' title='bbox 172 1578 291 1679; x_wconf 86' lang='lat' dir='ltr'><strong>(quod</strong></span> <span class='ocrx_word' id='word_1_75' title='bbox 304 1603 375 1676; x_wconf 91' lang='lat' dir='ltr'><strong>pro</strong></span> <span class='ocrx_word' id='word_1_76' title='bbox 386 1578 474 1650; x_wconf 92' lang='lat' dir='ltr'><strong>nido</strong></span> <span class='ocrx_word' id='word_1_77' title='bbox 487 1578 619 1677; x_wconf 82' lang='lat' dir='ltr'><strong>aquilae</strong></span> <span class='ocrx_word' id='word_1_78' title='bbox 636 1576 770 1651; x_wconf 86' lang='lat' dir='ltr'><strong>ibidem</strong></span> <span class='ocrx_word' id='word_1_79' title='bbox 784 1580 822 1651; x_wconf 89' lang='lat' dir='ltr'><strong>in</strong></span> <span class='ocrx_word' id='word_1_80' title='bbox 835 1604 972 1677; x_wconf 86' lang='lat' dir='ltr'><strong>quercu</strong></span> <span class='ocrx_word' id='word_1_81' title='bbox 983 1592 1141 1674; x_wconf 89' lang='lat' dir='ltr'><strong>reperto,</strong></span> <span class='ocrx_word' id='word_1_82' title='bbox 1153 1577 1241 1649; x_wconf 91' lang='lat' dir='ltr'><strong>dum</strong></span> 
     </span>
     <span class='ocr_line' id='line_1_12' title="bbox 172 1693 1241 1797; baseline 0 -29"><span class='ocrx_word' id='word_1_83' title='bbox 172 1712 328 1769; x_wconf 76' lang='lat' dir='ltr'><strong>matrum</strong></span> <span class='ocrx_word' id='word_1_84' title='bbox 340 1698 361 1769; x_wconf 73' lang='lat' dir='ltr'><strong>a</strong></span> <span class='ocrx_word' id='word_1_85' title='bbox 374 1697 548 1770; x_wconf 86' lang='lat' dir='ltr'><strong>Fulberto</strong></span> <span class='ocrx_word' id='word_1_86' title='bbox 561 1695 682 1781; x_wconf 86' lang='lat' dir='ltr'><strong>fieret,</strong></span> <span class='ocrx_word' id='word_1_87' title='bbox 699 1696 828 1797; x_wconf 83' lang='lat' dir='ltr'><strong>Aquila</strong></span> <span class='ocrx_word' id='word_1_88' title='bbox 841 1696 992 1792; x_wconf 85' lang='lat' dir='ltr'><strong>dieitur)</strong></span> <span class='ocrx_word' id='word_1_89' title='bbox 1005 1696 1060 1793; x_wconf 72' lang='grc' dir='ltr'><strong>(ὅ)</strong></span> <span class='ocrx_word' id='word_1_90' title='bbox 1075 1696 1111 1767; x_wconf 92' lang='lat' dir='ltr'><strong>in</strong></span> <span class='ocrx_word' id='word_1_91' title='bbox 1130 1693 1241 1770; x_wconf 93' lang='lat' dir='ltr'><strong>domo</strong></span> 
     </span>
     <span class='ocr_line' id='line_1_13' title="bbox 172 1810 1241 1914; baseline -0.001 -27"><span class='ocrx_word' id='word_1_92' title='bbox 172 1812 347 1888; x_wconf 80' lang='lat' dir='ltr'><strong>Guuberii</strong></span> <span class='ocrx_word' id='word_1_93' title='bbox 368 1814 623 1914; x_wconf 80' lang='lat' dir='ltr'><strong>hospitaretur,</strong></span> <span class='ocrx_word' id='word_1_94' title='bbox 643 1815 686 1886; x_wconf 88' lang='lat' dir='ltr'><strong>lis</strong></span> <span class='ocrx_word' id='word_1_95' title='bbox 706 1816 802 1887; x_wconf 89' lang='lat' dir='ltr'><strong>inter</strong></span> <span class='ocrx_word' id='word_1_96' title='bbox 824 1814 916 1889; x_wconf 87' lang='lat' dir='ltr'><strong>filios</strong></span> <span class='ocrx_word' id='word_1_97' title='bbox 932 1815 1025 1913; x_wconf 84' lang='lat' dir='ltr'><strong>regia</strong></span> <span class='ocrx_word' id='word_1_98' title='bbox 1037 1814 1157 1887; x_wconf 91' lang='lat' dir='ltr'><strong>oritur</strong></span> <span class='ocrx_word' id='word_1_99' title='bbox 1169 1810 1241 1886; x_wconf 84' lang='lat' dir='ltr'><strong>dae·</strong></span> 
     </span>
     <span class='ocr_line' id='line_1_14' title="bbox 172 1929 1241 2029; baseline 0.003 -28"><span class='ocrx_word' id='word_1_100' title='bbox 172 1929 335 2018; x_wconf 88' lang='lat' dir='ltr'><strong>monica,</strong></span> <span class='ocrx_word' id='word_1_101' title='bbox 356 1932 452 2004; x_wconf 91' lang='lat' dir='ltr'><strong>unde</strong></span> <span class='ocrx_word' id='word_1_102' title='bbox 471 1929 703 2029; x_wconf 89' lang='lat' dir='ltr'><strong>postmodum</strong></span> <span class='ocrx_word' id='word_1_103' title='bbox 724 1930 849 2003; x_wconf 84' lang='lat' dir='ltr'><strong>multae</strong></span> <span class='ocrx_word' id='word_1_104' title='bbox 871 1929 1141 2028; x_wconf 87' lang='lat' dir='ltr'><strong>pullulaverunt</strong></span> <span class='ocrx_word' id='word_1_105' title='bbox 1161 1930 1241 2004; x_wconf 86' lang='lat' dir='ltr'><strong>lites</strong></span> 
     </span>
     <span class='ocr_line' id='line_1_15' title="bbox 172 2045 1242 2145; baseline -0.004 -24"><span class='ocrx_word' id='word_1_106' title='bbox 172 2062 206 2121; x_wconf 84' lang='lat' dir='ltr'><strong>et</strong></span> <span class='ocrx_word' id='word_1_107' title='bbox 220 2045 382 2121; x_wconf 79' lang='lat' dir='ltr'><strong>l&#39;aeinora</strong></span> <span class='ocrx_word' id='word_1_108' title='bbox 392 2048 464 2145; x_wconf 73' lang='lat'><strong>(4).</strong></span> <span class='ocrx_word' id='word_1_109' title='bbox 481 2047 571 2119; x_wconf 89' lang='lat' dir='ltr'><strong>Nam</strong></span> <span class='ocrx_word' id='word_1_110' title='bbox 590 2046 663 2121; x_wconf 89' lang='lat' dir='ltr'><strong>duo</strong></span> <span class='ocrx_word' id='word_1_111' title='bbox 679 2047 809 2121; x_wconf 80' lang='lat' dir='ltr'><strong>fratres</strong></span> <span class='ocrx_word' id='word_1_112' title='bbox 824 2078 832 2118; x_wconf 94' lang='lat'><strong>:</strong></span> <span class='ocrx_word' id='word_1_113' title='bbox 850 2045 1064 2120; x_wconf 82' lang='lat' dir='ltr'><strong>Guillelmus</strong></span> <span class='ocrx_word' id='word_1_114' title='bbox 1076 2045 1192 2119; x_wconf 82' lang='lat' dir='ltr'><strong>Rufus</strong></span> <span class='ocrx_word' id='word_1_115' title='bbox 1205 2062 1242 2121; x_wconf 91' lang='lat' dir='ltr'><strong>et</strong></span> 
     </span>
     <span class='ocr_line' id='line_1_16' title="bbox 172 2162 1241 2264; baseline -0.003 -27"><span class='ocrx_word' id='word_1_116' title='bbox 172 2165 366 2252; x_wconf 84' lang='lat' dir='ltr'><strong>llenricus,</strong></span> <span class='ocrx_word' id='word_1_117' title='bbox 382 2165 474 2264; x_wconf 88' lang='lat' dir='ltr'><strong>patri</strong></span> <span class='ocrx_word' id='word_1_118' title='bbox 491 2163 676 2251; x_wconf 87' lang='lat' dir='ltr'><strong>favebant,</strong></span> <span class='ocrx_word' id='word_1_119' title='bbox 696 2165 862 2263; x_wconf 86' lang='lat' dir='ltr'><strong>viresque</strong></span> <span class='ocrx_word' id='word_1_120' title='bbox 878 2190 956 2235; x_wconf 86' lang='lat' dir='ltr'><strong>suas</strong></span> <span class='ocrx_word' id='word_1_121' title='bbox 971 2162 1141 2235; x_wconf 84' lang='lat' dir='ltr'><strong>fraternis</strong></span> <span class='ocrx_word' id='word_1_122' title='bbox 1155 2163 1241 2234; x_wconf 87' lang='lat' dir='ltr'><strong>viri·</strong></span> 
     </span>
     <span class='ocr_line' id='line_1_17' title="bbox 172 2276 1240 2380; baseline -0.001 -29"><span class='ocrx_word' id='word_1_123' title='bbox 172 2278 237 2352; x_wconf 84' lang='lat' dir='ltr'><strong>bns</strong></span> <span class='ocrx_word' id='word_1_124' title='bbox 249 2306 370 2380; x_wconf 79' lang='lat' dir='ltr'><strong>mquas</strong></span> <span class='ocrx_word' id='word_1_125' title='bbox 380 2279 616 2369; x_wconf 86' lang='lat' dir='ltr'><strong>arbitrantes,</strong></span> <span class='ocrx_word' id='word_1_126' title='bbox 631 2281 820 2379; x_wconf 84' lang='lat' dir='ltr'><strong>indignum</strong></span> <span class='ocrx_word' id='word_1_127' title='bbox 828 2277 1009 2352; x_wconf 82' lang='lat' dir='ltr'><strong>ducebant</strong></span> <span class='ocrx_word' id='word_1_128' title='bbox 1019 2276 1118 2379; x_wconf 89' lang='lat' dir='ltr'><strong>quod</strong></span> <span class='ocrx_word' id='word_1_129' title='bbox 1129 2277 1240 2350; x_wconf 82' lang='lat' dir='ltr'><strong>frater</strong></span> 
     </span>
     <span class='ocr_line' id='line_1_18' title="bbox 172 2394 1241 2496; baseline 0.002 -29"><span class='ocrx_word' id='word_1_130' title='bbox 172 2420 298 2469; x_wconf 85' lang='lat' dir='ltr'><strong>eorum</strong></span> <span class='ocrx_word' id='word_1_131' title='bbox 316 2397 412 2470; x_wconf 81' lang='lat' dir='ltr'><strong>solus</strong></span> <span class='ocrx_word' id='word_1_132' title='bbox 431 2396 560 2470; x_wconf 86' lang='lat' dir='ltr'><strong>babere</strong></span> <span class='ocrx_word' id='word_1_133' title='bbox 578 2397 734 2496; x_wconf 90' lang='lat' dir='ltr'><strong>patrium</strong></span> <span class='ocrx_word' id='word_1_134' title='bbox 749 2400 808 2496; x_wconf 86' lang='lat' dir='ltr'><strong>jus</strong></span> <span class='ocrx_word' id='word_1_135' title='bbox 825 2394 1025 2484; x_wconf 82' lang='lat' dir='ltr'><strong>ambiebat,</strong></span> <span class='ocrx_word' id='word_1_136' title='bbox 1046 2411 1082 2467; x_wconf 90' lang='lat' dir='ltr'><strong>et</strong></span> <span class='ocrx_word' id='word_1_137' title='bbox 1098 2395 1241 2494; x_wconf 81' lang='lat' dir='ltr'><strong>agmine</strong></span> 
     </span>
    </p>
   </div>
   <div class='ocr_carea' id='block_1_3' title="bbox 172 2511 1240 2960">
    <p class='ocr_par' dir='ltr' id='par_1_3' title="bbox 172 2511 1240 2960">
     <span class='ocr_line' id='line_1_19' title="bbox 172 2511 1239 2613; baseline -0.001 -28"><span class='ocrx_word' id='word_1_138' title='bbox 172 2511 345 2586; x_wconf 76' lang='lat' dir='ltr'><strong>clientum</strong></span> <span class='ocrx_word' id='word_1_139' title='bbox 373 2513 441 2587; x_wconf 89' lang='lat' dir='ltr'><strong>sibi</strong></span> <span class='ocrx_word' id='word_1_140' title='bbox 469 2513 689 2613; x_wconf 84' lang='lat' dir='ltr'><strong>obsequente</strong></span> <span class='ocrx_word' id='word_1_141' title='bbox 708 2541 773 2612; x_wconf 86' lang='lat' dir='ltr'><strong>par</strong></span> <span class='ocrx_word' id='word_1_142' title='bbox 795 2514 887 2612; x_wconf 88' lang='lat' dir='ltr'><strong>patri</strong></span> <span class='ocrx_word' id='word_1_143' title='bbox 912 2511 1081 2585; x_wconf 78' lang='lat' dir='ltr'><strong>testimari</strong></span> <span class='ocrx_word' id='word_1_144' title='bbox 1103 2537 1239 2610; x_wconf 91' lang='lat' dir='ltr'><strong>perop-</strong></span> 
     </span>
     <span class='ocr_line' id='line_1_20' title="bbox 172 2622 1240 2728; baseline -0.002 -27"><span class='ocrx_word' id='word_1_145' title='bbox 172 2622 283 2701; x_wconf 82' lang='lat' dir='ltr'><strong>tabat.</strong></span> <span class='ocrx_word' id='word_1_146' title='bbox 310 2629 415 2702; x_wconf 88' lang='lat' dir='ltr'><strong>Unde</strong></span> <span class='ocrx_word' id='word_1_147' title='bbox 440 2631 478 2702; x_wconf 92' lang='lat' dir='ltr'><strong>in</strong></span> <span class='ocrx_word' id='word_1_148' title='bbox 502 2629 686 2728; x_wconf 81' lang='lat' dir='ltr'><strong>Aquilensi</strong></span> <span class='ocrx_word' id='word_1_149' title='bbox 710 2642 827 2701; x_wconf 84' lang='lat' dir='ltr'><strong>castro</strong></span> <span class='ocrx_word' id='word_1_150' title='bbox 852 2625 897 2698; x_wconf 88' lang='lat' dir='ltr'><strong>ad</strong></span> <span class='ocrx_word' id='word_1_151' title='bbox 918 2625 1117 2725; x_wconf 86' lang='lat' dir='ltr'><strong>hospitium</strong></span> <span class='ocrx_word' id='word_1_152' title='bbox 1142 2626 1240 2699; x_wconf 88' lang='lat' dir='ltr'><strong>Rod-</strong></span> 
     </span>
     <span class='ocr_line' id='line_1_21' title="bbox 172 2741 1237 2844; baseline -0.005 -27"><span class='ocrx_word' id='word_1_153' title='bbox 172 2741 287 2832; x_wconf 78' lang='lat' dir='ltr'><strong>b&#39;urti,</strong></span> <span class='ocrx_word' id='word_1_154' title='bbox 316 2744 414 2844; x_wconf 90' lang='lat' dir='ltr'><strong>quod</strong></span> <span class='ocrx_word' id='word_1_155' title='bbox 445 2747 482 2817; x_wconf 88' lang='lat' dir='ltr'><strong>in</strong></span> <span class='ocrx_word' id='word_1_156' title='bbox 510 2744 621 2818; x_wconf 90' lang='lat' dir='ltr'><strong>domo</strong></span> <span class='ocrx_word' id='word_1_157' title='bbox 650 2745 796 2843; x_wconf 84' lang='lat' dir='ltr'><strong>Rogerii</strong></span> <span class='ocrx_word' id='word_1_158' title='bbox 827 2741 979 2843; x_wconf 77' lang='lat' dir='ltr'><strong>calcegii</strong></span> <span class='ocrx_word' id='word_1_159' title='bbox 1013 2757 1237 2840; x_wconf 87' lang='lat' dir='ltr'><strong>susceperat,</strong></span> 
     </span>
     <span class='ocr_line' id='line_1_22' title="bbox 172 2854 1240 2960; baseline -0.003 -29"><span class='ocrx_word' id='word_1_160' title='bbox 172 2875 373 2948; x_wconf 69' lang='lat' dir='ltr'><strong>reumont,</strong></span> <span class='ocrx_word' id='word_1_161' title='bbox 399 2859 521 2960; x_wconf 90' lang='lat' dir='ltr'><strong>ibique</strong></span> <span class='ocrx_word' id='word_1_162' title='bbox 540 2886 646 2958; x_wconf 86' lang='lat' dir='ltr'><strong>super</strong></span> <span class='ocrx_word' id='word_1_163' title='bbox 663 2860 835 2933; x_wconf 85' lang='lat' dir='ltr'><strong>solarium</strong></span> <span class='ocrx_word' id='word_1_164' title='bbox 852 2858 908 2956; x_wconf 85' lang='lat'><strong>(5)</strong></span> <span class='ocrx_word' id='word_1_165' title='bbox 925 2859 1040 2955; x_wconf 87' lang='lat' dir='ltr'><strong>(sieut</strong></span> <span class='ocrx_word' id='word_1_166' title='bbox 1063 2854 1240 2929; x_wconf 87' lang='lat' dir='ltr'><strong>militibus</strong></span> 
     </span>
    </p>
   </div>
   <div class='ocr_carea' id='block_1_4' title="bbox 172 3184 1237 4243">
    <p class='ocr_par' dir='ltr' id='par_1_4' title="bbox 172 3184 1237 3331">
     <span class='ocr_line' id='line_1_23' title="bbox 203 3184 1237 3261; baseline -0.002 -18"><span class='ocrx_word' id='word_1_167' title='bbox 203 3186 244 3259; x_wconf 77' lang='lat' dir='ltr'><strong>(a)</strong></span> <span class='ocrx_word' id='word_1_168' title='bbox 262 3185 395 3260; x_wconf 82' lang='lat' dir='ltr'><strong>Ducange</strong></span> <span class='ocrx_word' id='word_1_169' title='bbox 403 3205 485 3260; x_wconf 84' lang='lat' dir='ltr'><strong>pense</strong></span> <span class='ocrx_word' id='word_1_170' title='bbox 494 3204 549 3261; x_wconf 89' lang='lat' dir='ltr'><strong>que</strong></span> <span class='ocrx_word' id='word_1_171' title='bbox 558 3185 720 3241; x_wconf 84' lang='lat' dir='ltr'><strong>Gambaron</strong></span> <span class='ocrx_word' id='word_1_172' title='bbox 730 3195 796 3258; x_wconf 85' lang='lat' dir='ltr'><strong>peut</strong></span> <span class='ocrx_word' id='word_1_173' title='bbox 802 3186 932 3258; x_wconf 83' lang='lat' dir='ltr'><strong>proveuir</strong></span> <span class='ocrx_word' id='word_1_174' title='bbox 940 3184 975 3239; x_wconf 89' lang='lat' dir='ltr'><strong>de</strong></span> <span class='ocrx_word' id='word_1_175' title='bbox 984 3185 1095 3257; x_wconf 77' lang='lat' dir='ltr'><strong>gambas</strong></span> <span class='ocrx_word' id='word_1_176' title='bbox 1104 3186 1237 3259; x_wconf 82' lang='lat' dir='ltr'><strong>(jambesJ</strong></span> 
     </span>
     <span class='ocr_line' id='line_1_24' title="bbox 172 3266 919 3331; baseline -0.001 -2"><span class='ocrx_word' id='word_1_177' title='bbox 172 3268 281 3331; x_wconf 81' lang='lat' dir='ltr'><strong>rondes.</strong></span> <span class='ocrx_word' id='word_1_178' title='bbox 914 3266 919 3279; x_wconf 84' lang='lat'>&#39;</span> 
     </span>
    </p>

    <p class='ocr_par' dir='ltr' id='par_1_5' title="bbox 172 3358 1237 3685">
     <span class='ocr_line' id='line_1_25' title="bbox 200 3358 1236 3436; baseline -0.001 -17"><span class='ocrx_word' id='word_1_179' title='bbox 200 3368 241 3434; x_wconf 83' lang='lat' dir='ltr'><strong>(a)</strong></span> <span class='ocrx_word' id='word_1_180' title='bbox 261 3364 313 3419; x_wconf 82' lang='lat' dir='ltr'><strong>Lea</strong></span> <span class='ocrx_word' id='word_1_181' title='bbox 327 3363 466 3418; x_wconf 78' lang='lat' dir='ltr'><strong>habitante</strong></span> <span class='ocrx_word' id='word_1_182' title='bbox 476 3363 515 3418; x_wconf 93' lang='lat' dir='ltr'><strong>du</strong></span> <span class='ocrx_word' id='word_1_183' title='bbox 529 3364 716 3430; x_wconf 83' lang='lat' dir='ltr'><strong>Corbonnais,</strong></span> <span class='ocrx_word' id='word_1_184' title='bbox 732 3363 829 3418; x_wconf 82' lang='lat' dir='ltr'><strong>ancien</strong></span> <span class='ocrx_word' id='word_1_185' title='bbox 843 3380 936 3435; x_wconf 85' lang='lat' dir='ltr'><strong>pagus</strong></span> <span class='ocrx_word' id='word_1_186' title='bbox 949 3358 1061 3415; x_wconf 71' lang='lat' dir='ltr'><strong>bbrnea</strong></span> <span class='ocrx_word' id='word_1_187' title='bbox 1072 3360 1134 3417; x_wconf 78' lang='lat' dir='ltr'><strong>l’eet</strong></span> <span class='ocrx_word' id='word_1_188' title='bbox 1148 3382 1197 3436; x_wconf 85' lang='lat' dir='ltr'><strong>par</strong></span> <span class='ocrx_word' id='word_1_189' title='bbox 1211 3363 1236 3419; x_wconf 89' lang='lat' dir='ltr'><strong>la</strong></span> 
     </span>
     <span class='ocr_line' id='line_1_26' title="bbox 172 3449 1236 3524; baseline -0.006 -13"><span class='ocrx_word' id='word_1_190' title='bbox 172 3452 359 3511; x_wconf 65' lang='lat' dir='ltr'><strong>&amp;umnelin</strong></span> <span class='ocrx_word' id='word_1_191' title='bbox 369 3462 400 3507; x_wconf 87' lang='lat' dir='ltr'><strong>et</strong></span> <span class='ocrx_word' id='word_1_192' title='bbox 408 3451 545 3520; x_wconf 75' lang='lat' dir='ltr'><strong>Pliniana,</strong></span> <span class='ocrx_word' id='word_1_193' title='bbox 559 3460 588 3506; x_wconf 88' lang='lat' dir='ltr'><strong>et</strong></span> <span class='ocrx_word' id='word_1_194' title='bbox 599 3470 635 3507; x_wconf 89' lang='lat' dir='ltr'><strong>au</strong></span> <span class='ocrx_word' id='word_1_195' title='bbox 647 3451 815 3509; x_wconf 78' lang='lat' dir='ltr'><strong>nord-oueat</strong></span> <span class='ocrx_word' id='word_1_196' title='bbox 823 3469 873 3524; x_wconf 83' lang='lat' dir='ltr'><strong>par</strong></span> <span class='ocrx_word' id='word_1_197' title='bbox 885 3450 912 3505; x_wconf 85' lang='lat' dir='ltr'><strong>la</strong></span> <span class='ocrx_word' id='word_1_198' title='bbox 924 3449 1036 3517; x_wconf 81' lang='lat' dir='ltr'><strong>Sartbe,</strong></span> <span class='ocrx_word' id='word_1_199' title='bbox 1049 3450 1137 3524; x_wconf 84' lang='lat' dir='ltr'><strong>etqui</strong></span> <span class='ocrx_word' id='word_1_200' title='bbox 1149 3469 1166 3504; x_wconf 81' lang='lat' dir='ltr'><strong>a</strong></span> <span class='ocrx_word' id='word_1_201' title='bbox 1175 3469 1236 3506; x_wconf 89' lang='lat' dir='ltr'><strong>em-</strong></span> 
     </span>
     <span class='ocr_line' id='line_1_27' title="bbox 172 3520 1237 3625; baseline -0.002 -29"><span class='ocrx_word' id='word_1_202' title='bbox 172 3543 334 3625; x_wconf 66' lang='lat' dir='ltr'><strong>pagatepap</strong></span> <span class='ocrx_word' id='word_1_203' title='bbox 349 3539 377 3595; x_wconf 86' lang='lat' dir='ltr'><strong>la</strong></span> <span class='ocrx_word' id='word_1_204' title='bbox 395 3540 466 3597; x_wconf 79' lang='lat' dir='ltr'><strong>suite</strong></span> <span class='ocrx_word' id='word_1_205' title='bbox 480 3544 497 3595; x_wconf 78' lang='lat' dir='ltr'><strong>a</strong></span> <span class='ocrx_word' id='word_1_206' title='bbox 513 3540 538 3595; x_wconf 91' lang='lat' dir='ltr'><strong>la</strong></span> <span class='ocrx_word' id='word_1_207' title='bbox 556 3541 627 3597; x_wconf 77' lang='lat' dir='ltr'><strong>foret</strong></span> <span class='ocrx_word' id='word_1_208' title='bbox 647 3543 742 3615; x_wconf 90' lang='lat' dir='ltr'><strong>quien</strong></span> <span class='ocrx_word' id='word_1_209' title='bbox 760 3541 888 3613; x_wconf 82' lang='lat' dir='ltr'><strong>occupait</strong></span> <span class='ocrx_word' id='word_1_210' title='bbox 906 3539 932 3595; x_wconf 83' lang='lat' dir='ltr'><strong>la</strong></span> <span class='ocrx_word' id='word_1_211' title='bbox 950 3520 1190 3613; x_wconf 73' lang='lat' dir='ltr'><strong>maieurepertie,</strong></span> <span class='ocrx_word' id='word_1_212' title='bbox 1211 3539 1237 3595; x_wconf 91' lang='lat' dir='ltr'><strong>le</strong></span> 
     </span>
     <span class='ocr_line' id='line_1_28' title="bbox 172 3628 409 3685; baseline -0.008 0"><span class='ocrx_word' id='word_1_213' title='bbox 172 3632 235 3685; x_wconf 84' lang='lat' dir='ltr'><strong>noni</strong></span> <span class='ocrx_word' id='word_1_214' title='bbox 247 3628 283 3685; x_wconf 87' lang='lat' dir='ltr'><strong>de</strong></span> <span class='ocrx_word' id='word_1_215' title='bbox 295 3630 409 3685; x_wconf 88' lang='lat' dir='ltr'><strong>Perehe.</strong></span> 
     </span>
    </p>

    <p class='ocr_par' dir='ltr' id='par_1_6' title="bbox 202 3716 537 3793">
     <span class='ocr_line' id='line_1_29' title="bbox 202 3716 537 3793; baseline -0.003 -18"><span class='ocrx_word' id='word_1_216' title='bbox 202 3716 241 3793; x_wconf 76' lang='lat'><strong>(3)</strong></span> <span class='ocrx_word' id='word_1_217' title='bbox 260 3720 299 3775; x_wconf 80' lang='lat' dir='ltr'><strong>La</strong></span> <span class='ocrx_word' id='word_1_218' title='bbox 312 3720 375 3776; x_wconf 84' lang='lat' dir='ltr'><strong>ville</strong></span> <span class='ocrx_word' id='word_1_219' title='bbox 387 3720 422 3775; x_wconf 91' lang='lat' dir='ltr'><strong>de</strong></span> <span class='ocrx_word' id='word_1_220' title='bbox 435 3721 537 3793; x_wconf 84' lang='lat' dir='ltr'><strong>Laigle.</strong></span> 
     </span>
    </p>

    <p class='ocr_par' dir='ltr' id='par_1_7' title="bbox 172 3807 1236 4152">
     <span class='ocr_line' id='line_1_30' title="bbox 201 3807 1235 3883; baseline -0.003 -18"><span class='ocrx_word' id='word_1_221' title='bbox 201 3811 297 3883; x_wconf 67' lang='lat'><strong>(011</strong></span> <span class='ocrx_word' id='word_1_222' title='bbox 316 3810 381 3865; x_wconf 82' lang='lat' dir='ltr'><strong>date</strong></span> <span class='ocrx_word' id='word_1_223' title='bbox 401 3814 417 3865; x_wconf 75' lang='lat' dir='ltr'><strong>a</strong></span> <span class='ocrx_word' id='word_1_224' title='bbox 437 3809 554 3883; x_wconf 86' lang='lat' dir='ltr'><strong>laquelle</strong></span> <span class='ocrx_word' id='word_1_225' title='bbox 574 3809 724 3863; x_wconf 75' lang='lat' dir='ltr'><strong>eolatirent</strong></span> <span class='ocrx_word' id='word_1_226' title='bbox 737 3827 781 3863; x_wconf 84' lang='lat' dir='ltr'><strong>ces</strong></span> <span class='ocrx_word' id='word_1_227' title='bbox 802 3808 968 3862; x_wconf 77' lang='lat' dir='ltr'><strong>dissensione</strong></span> <span class='ocrx_word' id='word_1_228' title='bbox 989 3807 1177 3881; x_wconf 87' lang='lat' dir='ltr'><strong>domestiques</strong></span> <span class='ocrx_word' id='word_1_229' title='bbox 1195 3818 1235 3863; x_wconf 87' lang='lat' dir='ltr'><strong>est</strong></span> 
     </span>
     <span class='ocr_line' id='line_1_31' title="bbox 172 3897 1234 3971; baseline -0.005 -13"><span class='ocrx_word' id='word_1_230' title='bbox 172 3898 387 3959; x_wconf 61' lang='lat' dir='ltr'><strong>undifluilea</strong></span> <span class='ocrx_word' id='word_1_231' title='bbox 397 3901 576 3957; x_wconf 69' lang='lat' dir='ltr'><strong>determiner¹</strong></span> <span class='ocrx_word' id='word_1_232' title='bbox 593 3900 734 3954; x_wconf 78' lang='lat' dir='ltr'><strong>Plueieura</strong></span> <span class='ocrx_word' id='word_1_233' title='bbox 747 3899 842 3954; x_wconf 83' lang='lat' dir='ltr'><strong>motils</strong></span> <span class='ocrx_word' id='word_1_234' title='bbox 851 3916 922 3953; x_wconf 81' lang='lat' dir='ltr'><strong>noua</strong></span> <span class='ocrx_word' id='word_1_235' title='bbox 932 3908 1044 3971; x_wconf 84' lang='lat' dir='ltr'><strong>portent</strong></span> <span class='ocrx_word' id='word_1_236' title='bbox 1054 3901 1070 3952; x_wconf 85' lang='lat' dir='ltr'><strong>&#39;a</strong></span> <span class='ocrx_word' id='word_1_237' title='bbox 1080 3897 1172 3952; x_wconf 87' lang='lat' dir='ltr'><strong>croire</strong></span> <span class='ocrx_word' id='word_1_238' title='bbox 1180 3916 1234 3971; x_wconf 87' lang='lat' dir='ltr'><strong>que</strong></span> 
     </span>
     <span class='ocr_line' id='line_1_32' title="bbox 172 3987 1236 4065; baseline 0 -22"><span class='ocrx_word' id='word_1_239' title='bbox 172 4008 198 4045; x_wconf 81' lang='lat' dir='ltr'><strong>re</strong></span> <span class='ocrx_word' id='word_1_240' title='bbox 209 3990 254 4047; x_wconf 80' lang='lat' dir='ltr'><strong>lut</strong></span> <span class='ocrx_word' id='word_1_241' title='bbox 266 4008 302 4047; x_wconf 89' lang='lat' dir='ltr'><strong>en</strong></span> <span class='ocrx_word' id='word_1_242' title='bbox 322 3991 402 4065; x_wconf 79' lang='lat'><strong>1078,</strong></span> <span class='ocrx_word' id='word_1_243' title='bbox 416 3993 496 4064; x_wconf 79' lang='lat' dir='ltr'><strong>apres</strong></span> <span class='ocrx_word' id='word_1_244' title='bbox 512 3990 537 4045; x_wconf 86' lang='lat' dir='ltr'><strong>la</strong></span> <span class='ocrx_word' id='word_1_245' title='bbox 555 3992 616 4062; x_wconf 80' lang='lat' dir='ltr'><strong>pair</strong></span> <span class='ocrx_word' id='word_1_246' title='bbox 628 3988 663 4044; x_wconf 83' lang='lat' dir='ltr'><strong>de</strong></span> <span class='ocrx_word' id='word_1_247' title='bbox 676 3988 892 4056; x_wconf 83' lang='lat' dir='ltr'><strong>Blnnebelande,</strong></span> <span class='ocrx_word' id='word_1_248' title='bbox 907 3988 975 4043; x_wconf 81' lang='lat' dir='ltr'><strong>maia</strong></span> <span class='ocrx_word' id='word_1_249' title='bbox 986 4004 1057 4043; x_wconf 83' lang='lat' dir='ltr'><strong>nous</strong></span> <span class='ocrx_word' id='word_1_250' title='bbox 1074 3987 1184 4043; x_wconf 83' lang='lat' dir='ltr'><strong>n’osons</strong></span> <span class='ocrx_word' id='word_1_251' title='bbox 1197 3988 1236 4044; x_wconf 84' lang='lat' dir='ltr'><strong>les</strong></span> 
     </span>
     <span class='ocr_line' id='line_1_33' title="bbox 172 4079 758 4152; baseline -0.009 -15"><span class='ocrx_word' id='word_1_252' title='bbox 172 4080 310 4152; x_wconf 67' lang='lat' dir='ltr'><strong>pudenter</strong></span> <span class='ocrx_word' id='word_1_253' title='bbox 320 4097 428 4136; x_wconf 88' lang='lat' dir='ltr'><strong>comme</strong></span> <span class='ocrx_word' id='word_1_254' title='bbox 440 4080 625 4135; x_wconf 77' lang='lat' dir='ltr'><strong>entilrement</strong></span> <span class='ocrx_word' id='word_1_255' title='bbox 642 4079 758 4134; x_wconf 77' lang='lat' dir='ltr'><strong>‹lecisils¹</strong></span> 
     </span>
    </p>

    <p class='ocr_par' dir='ltr' id='par_1_8' title="bbox 202 4166 748 4243">
     <span class='ocr_line' id='line_1_34' title="bbox 202 4166 748 4243; baseline -0.004 -18"><span class='ocrx_word' id='word_1_256' title='bbox 202 4166 241 4241; x_wconf 84' lang='grc'><strong>(5)</strong></span> <span class='ocrx_word' id='word_1_257' title='bbox 258 4169 392 4243; x_wconf 77' lang='lat' dir='ltr'><strong>Al’etage</strong></span> <span class='ocrx_word' id='word_1_258' title='bbox 405 4171 558 4242; x_wconf 74' lang='lat' dir='ltr'><strong>super-leur,</strong></span> <span class='ocrx_word' id='word_1_259' title='bbox 572 4188 606 4225; x_wconf 82' lang='lat' dir='ltr'><strong>an</strong></span> <span class='ocrx_word' id='word_1_260' title='bbox 617 4172 748 4242; x_wconf 81' lang='lat' dir='ltr'><strong>premier.</strong></span> 
     </span>
    </p>
   </div>
   <div class='ocr_carea' id='block_1_5' title="bbox 0 0 1460 4980">
    <p class='ocr_par' dir='ltr' id='par_1_9' title="bbox 0 0 1460 4980">
     <span class='ocr_line' id='line_1_35' title="bbox 0 0 1460 4980; baseline 0 0"><span class='ocrx_word' id='word_1_261' title='bbox 0 0 1460 4980; x_wconf 95' lang='lat' dir='ltr'><strong> </strong></span> 
     </span>
    </p>
   </div>
  </div>
 </body>
</html>
