2910 4980
189 413 303 490 [sorr]
560 411 891 487 muuaousnrus.
1201 416 1263 475 am

188 549 225 609 et
241 532 458 609 Guallorum
468 558 569 633 reges
582 534 692 607 Risen
705 549 742 606 et
752 531 1180 607 Caducauacblariadotb
1193 535 1261 633 (ι),

188 651 350 750 aliosque
368 649 488 749 plures
503 650 712 749 prostravit.
730 651 890 723 Cestram
908 667 944 722 et
958 651 1172 723 comitatum
1188 653 1263 748 ejus

189 763 388 840 Gberbodo
419 765 626 848 Flandrensi
654 765 867 865 jamdudum
899 792 965 839 rex
996 765 1165 851 dederat,-
1199 762 1264 864 qui

189 911 318 985 magua
344 881 395 956 ibi
413 900 448 958 et
473 883 627 956 difficilia
652 899 725 956 tam
748 881 794 957 ab
812 882 938 984 Anglis
960 909 1105 982 quama
1127 882 1264 956 Guallis

190 999 461 1073 adversantibus
471 1000 681 1099 pertulerat.
693 999 831 1074 Deinde
844 1000 1022 1099 legatione
1030 1013 1173 1072 coactus
1186 1023 1265 1071 suo·

191 1141 291 1204 rum,
312 1141 404 1216 quos
423 1116 461 1187 in
479 1114 645 1189 Flandria
663 1114 863 1201 dimiserat,
884 1133 920 1188 et
936 1115 1067 1216 quibus
1086 1114 1265 1187 beredita-

191 1233 289 1305 rium
305 1231 484 1306 bonorem
507 1259 613 1306 suum
634 1233 876 1318 commiserat,
892 1231 999 1305 eundi
1008 1285 1021 1321 ,
1044 1232 1189 1330 citoque
1203 1255 1265 1303 re-

191 1347 327 1422 deundi
353 1347 537 1422 licentiam
560 1375 579 1420 a
605 1374 688 1449 rege
716 1363 924 1449 acceperat3
956 1346 1016 1421 sod
1044 1346 1093 1418 ibi
1120 1347 1265 1419 adversa

193 1464 405 1563 illaqueatus
429 1464 578 1538 fortuna
603 1467 641 1537 in
662 1493 790 1538 manus
815 1465 1049 1539 inimicorum
1066 1462 1264 1551 inciderat,

193 1596 230 1655 et
245 1583 283 1655 in
301 1581 457 1654 vinculis
470 1583 668 1670 coercitus,
684 1582 936 1681 mundanaque
954 1580 1128 1654 felicitate
1141 1580 1266 1678 priva-

193 1712 272 1786 tus,
289 1697 409 1798 longae
427 1701 580 1772 miseriae
600 1698 749 1775 threnos
765 1700 978 1798 depromere
995 1697 1180 1772 didicerat.
1202 1698 1267 1769 lu-

194 1830 291 1889 terea
308 1840 371 1888 rex
389 1817 615 1890 Cestrensem
633 1817 861 1892 consulatum
878 1816 1023 1915 Hugoni
1038 1816 1081 1889 de
1097 1813 1267 1888 Abrincis

194 1930 424 2004 filio'llicardi
444 1949 689 2033 cognomento
711 1933 788 2007 Goz
805 1936 860 2032 (a)
881 1934 1078 2020 concessit,
1098 1933 1161 2032 qui
1182 1957 1265 2004 cum

196 2038 386 2124 Rodberto
401 2050 446 2125 de
460 2051 665 2126 Rodelento
676 2067 713 2126 et
725 2051 912 2125 Rodberto
923 2050 967 2124 de
980 2051 1211 2150 Malopassu(
1235 2051 1265 2147 ),

196 2167 347 2268 aliisque
356 2160 566 2268 proceribus
574 2168 826 2243 ferismultum
835 2167 1268 2267 Guallorumsanguinem

197 2282 337 2357 effudit.
363 2286 430 2357 llic
446 2311 521 2359 non
541 2285 704 2385 dapsilis,
722 2284 783 2358 sed
804 2285 976 2384 prodigus
993 2299 1093 2373 erat3
1109 2308 1188 2358 non
1209 2283 1268 2356 fa-

198 2400 334 2474 miliam
363 2428 505 2491 secum,
536 2403 596 2477 sed
625 2404 825 2479 exercitum
857 2428 998 2502 semper
1026 2399 1193 2476 ducebat.
1226 2404 1267 2474 ln

198 2517 317 2592 dando
337 2520 392 2592 vel
416 2521 626 2619 accipiendo
650 2521 789 2594 nullam
806 2522 985 2594 rationem
1011 2519 1169 2595 tenebat.
1191 2523 1270 2620 lpse

201 2650 334 2710 terram
355 2662 455 2721 suam
478 2637 641 2738 quotidie
661 2636 886 2726 devastabat,
910 2653 948 2710 et
970 2638 1051 2736 plus
1071 2635 1270 2737 aucupibus

199 2776 240 2823 ac
257 2750 507 2841 venatoribus,
526 2779 634 2851 quam
651 2768 759 2827 terrae
775 2750 988 2840 cultoribus,
1007 2752 1063 2826 vel
1082 2753 1166 2825 coeli
1184 2778 1271 2825 ora-

201 2865 342 2940 toribus
365 2867 613 2968 applaudebat.
639 2869 787 2943 Ventris
811 2869 981 2966 ingluviei
1002 2870 1112 2943 nimis
1136 2873 1271 2944 servie-

200 2977 280 3072 bat,
305 2984 400 3058 unde
425 2985 547 3059 nimiae
568 2987 736 3059 crassitiei
761 2986 922 3085 pondere
944 3003 1187 3088 praegravatus
1211 2989 1271 3060 vix

201 3100 256 3174 ire
270 3117 427 3199 poterat.
444 3102 653 3177 Carnalibus
668 3104 856 3179 lenociniis
869 3105 1105 3179 immoderate
1120 3105 1272 3179 inhaere-

202 3215 277 3289 bat.
298 3218 355 3290 Ex
369 3218 556 3318 pellicibus
576 3222 768 3319 plurimam
785 3223 948 3298 sobolem
966 3226 1152 3324 utriusque
1169 3251 1272 3298 sexus

201 3334 346 3432 genuit,
359 3361 441 3435 quae
453 3333 600 3408 diversis
609 3335 819 3411 infortuniis
830 3339 997 3446 absorpta
1003 3342 1079 3438 jam
1091 3366 1183 3438 pene
1195 3355 1270 3413 tota

202 3450 370 3551 deperiit.
383 3454 663 3531 Ermentrudem
676 3438 785 3529 ¹liliam
800 3458 963 3558 Hugouis
977 3458 1022 3547 de
1039 3458 1272 3532 Claromonte

241 3745 282 3811 (r)
302 3741 1274 3819 Rhys-ap-Owen,Cadoganapssletbyn,MereditlrapsswemNotre

206 3841 306 3886 auteur
314 3834 386 3888 avait
395 3852 432 3906 pu
441 3833 576 3888 entendre
583 3833 698 3906 parlera
708 3833 902 3907 Sbrewsbury,
913 3832 982 3889 dans
993 3852 1042 3889 sou
1050 3834 1175 3900 susanne,
1184 3832 1220 3889 de
1229 3853 1274 3889 ces

207 3919 299 3978 divers
315 3923 392 3978 ehess
410 3922 519 3997 gallois‚
535 3924 604 3979 ainsi
621 3943 676 3998 que
690 3924 725 3979 de
739 3943 808 3979 ceux
824 3923 892 4000 qu’il
905 3944 921 3980 a
935 3923 1109 3980 meutionne's
1126 3923 1272 3980 ei-dessus.

241 4016 281 4086 (a)
299 4015 415 4087 lluguea
434 4013 634 4082 d’Avranches‚
658 4013 700 4069 fils
717 4013 753 4071 de
772 4013 913 4082 Richard‚
933 4016 1049 4070 vicomte
1068 4012 1273 4082 d'Avrancbes‚

208 4101 334 4175 petit-fils
348 4103 383 4158 de
392 4103 527 4160 Toustain
539 4105 615 4173 Gor,
629 4102 874 4178 mitre-petitlils
883 4101 1195 4159 d’Ansfroi-le-Danois.

242 4190 283 4263 (3)
300 4191 470 4262 ntundnan,
483 4193 552 4249 dans
565 4193 590 4250 le
600 4195 752 4249 Flintslrire
760 4216 768 4262 ;
783 4192 902 4268 Melpes,
918 4193 985 4248 dans
994 4192 1020 4247 le
1030 4191 1178 4249 Chesltire.
