2910 4980
189 357 392 434 [rooeroes]
556 353 673 446 neren
693 351 877 429 Qurnrus.
1191 355 1251 416 seo

190 475 253 548 diu
268 503 288 548 a
301 473 496 550 Guillelmo
509 473 662 547 Osberni
679 473 769 563 filio,
789 489 922 572 nepote
933 475 988 572 (r)
1004 474 1144 572 praefati
1161 503 1253 572 pree·

190 590 291 683 sulis,
303 604 480 666 tenuerat.
490 588 844 677 Guillelmusautern,
856 587 1024 662 Fulconis
1033 589 1173 664 filiuset
1183 591 1253 665 hae-

191 734 268 799 res,
296 706 373 781 haee
397 707 436 779 in
458 706 616 806 capitulo
635 705 752 806 palam
776 706 970 794 concessit,
993 720 1131 779 etcum
1153 723 1254 806 patre

191 850 257 898 suo
279 824 513 897 donationem
533 849 640 922 super
661 822 771 895 altare
793 822 905 895 sancti
928 823 1024 895 Petri
1051 827 1195 920 posuit,
1219 840 1256 899 et

192 940 277 1015 inde
301 966 369 1040 pro
393 939 640 1040 recognitione
665 954 752 1012 tunc
772 940 915 1011 unciam
939 940 1016 1010 auri
1041 963 1083 1011 ex
1110 941 1256 1013 caritate

191 1057 453 1132 monachorum
471 1059 618 1155 recepit.
635 1059 720 1129 Haec
733 1057 843 1130 etiarn
857 1054 1069 1128 Guillelmus
1083 1055 1127 1129 de
1140 1059 1257 1133 Brito·

190 1173 245 1246 lio
262 1188 299 1247 et
315 1172 536 1246 Gislebertus
553 1172 737 1269 Crispinus
753 1172 807 1269 (2)
826 1197 909 1243 curn
925 1169 1065 1243 duobus
1086 1172 1169 1244 filiis
1186 1175 1256 1245 suis

192 1306 467 1378 concesserunt,
497 1288 620 1391 ibique
641 1305 745 1363 testes
769 1307 856 1362 tunc
880 1289 1062 1363 affuerunt
1084 1292 1258 1391 Rogerius

189 1407 239 1481 de
256 1407 368 1482 Cieris
385 1409 438 1504 (3)
454 1422 490 1481 et
506 1408 611 1506 Hugo
630 1405 760 1479 Asinus
783 1407 861 1503 (4),
886 1404 1089 1478 Rodbertus
1107 1405 1151 1478 de
1171 1409 1257 1480 Sto-

193 1521 317 1594 tavilla
336 1522 391 1619 (5)
413 1535 450 1595 et
473 1519 649 1595 Rodulsus
674 1520 717 1593 de
741 1519 894 1592 lalanda
920 1520 993 1618 (6),
1017 1517 1191 1594 Rodulsus
1215 1522 1260 1596 de

191 1636 374 1711 Fornellis
403 1637 459 1736 (7)
490 1653 597 1736 atque
623 1635 827 1709 Gualterius
857 1635 901 1709 de
933 1634 1157 1709 calvimonte
1181 1639 1257 1734 (8),

230 1981 272 2051 (ι)
290 1977 452 2035 Guiilaume
472 1977 676 2033 Pin-Orbem
698 1977 766 2032 etait
784 1976 809 2030 le
826 1994 913 2030 neren
933 1975 968 2032 de
986 1976 1109 2053 l'eveque
1129 1981 1260 2055 linguens,

194 2085 308 2122 comme
320 2066 362 2121 fils
372 2066 406 2121 de
418 2084 446 2121 sa
460 2085 533 2121 soeur
545 2066 656 2133 Emma,
672 2067 773 2119 mariee
785 2068 800 2119 a
813 2065 940 2120 Osberne
952 2066 988 2121 de
1000 2068 1119 2141 Crepon.

232 2157 275 2227 (a)
293 2155 370 2210 Nous
386 2154 518 2229 ignorons
529 2158 545 2209 a
557 2155 622 2230 quel
637 2156 703 2210 titre
720 2154 863 2211 Gislebert
874 2156 992 2229 Crespin
1003 2158 1070 2212 etait
1082 2160 1178 2233 appele
1190 2165 1206 2217 a
1217 2183 1262 2220 ra-

194 2245 273 2301 tifier
292 2254 365 2299 eene
386 2244 538 2310 donation;
561 2245 630 2298 mais
649 2261 719 2298 nous
739 2261 892 2317 supposons
912 2262 966 2319 que
987 2264 1018 2300 ce
1038 2248 1150 2320 pourait
1171 2251 1263 2309 citrea

196 2334 293 2388 raison
304 2332 341 2388 de
355 2332 475 2408 quelque
493 2332 607 2388 allianoe
618 2351 682 2388 arec
694 2332 720 2386 la
733 2332 837 2388 familie
847 2333 944 2402 d'Ivri,
959 2332 1029 2390 dont
1041 2335 1068 2391 le
1080 2341 1208 2394 sonvenir
1223 2351 1264 2396 est

195 2423 299 2497 per-du.

232 2511 275 2585 (3)
292 2511 387 2585 Roger
406 2511 442 2567 de
461 2512 553 2569 Cleres
574 2511 824 2579 (arroudissement
843 2512 879 2568 de
901 2513 1027 2584 Rouen).
1049 2515 1102 2571 Ces
1122 2518 1265 2592 seigneurs

195 2605 305 2660 etaient
321 2622 433 2660 rassaux
450 2603 485 2659 de
503 2603 529 2658 la
542 2603 645 2659 familie
657 2604 775 2677 Crespin
788 2621 860 2677 pour
879 2602 927 2659 des
946 2614 1033 2660 terres
1046 2607 1146 2662 situees
1159 2609 1227 2665 dans
1239 2611 1266 2666 le

196 2695 304 2752 Vexin.

235 2784 275 2853 (t)
292 2782 333 2837 Ge
342 2799 512 2855 personnage
525 2783 593 2837 e'tait
607 2801 646 2837 un
662 2781 746 2837 vassa}
762 2782 798 2836 de
810 2782 970 2838 Guillaume
982 2783 1199 2855 Fitz-Osberne,
1215 2790 1265 2862 qui

199 2874 273 2929 avait
284 2870 334 2928 des
350 2873 504 2945 proprietes
522 2872 591 2927 dans
606 2873 633 2928 le
645 2875 737 2928 comte
754 2871 790 2927 de
803 2872 950 2927 Hereford.
966 2872 1014 2929 On
1027 2883 1125 2930 trouve
1137 2893 1187 2931 son
1199 2895 1266 2932 nom

199 2963 293 3036 parmi
305 2980 373 3017 ceux
385 2961 433 3017 des
445 2963 564 3017 temoins
577 2963 648 3018 dela
663 2963 766 3036 grande
778 2963 874 3018 charte
887 2962 923 3017 de
936 2963 1006 3018 Lire.

237 3049 279 3120 (5)
298 3051 406 3107 Robert
414 3039 620 3120 d’Etouteville,
637 3053 694 3127 tige
711 3052 746 3108 de
757 3052 884 3108 l'illustre
896 3052 999 3108 familie
1011 3053 1090 3109 dece
1101 3072 1183 3124 nour,
1197 3055 1267 3112 dont

203 3139 232 3194 le
245 3139 363 3195 beroeau
376 3152 418 3197 est
430 3128 743 3211 Etonteville-sur·Mer‚
759 3154 859 3198 canton
872 3142 1026 3198 d’Yerville.

240 3227 281 3299 (6)
298 3229 336 3284 La
353 3230 459 3299 lande,
478 3241 578 3286 canton
597 3231 632 3287 de
645 3232 813 3300 Beuzerille,
832 3251 868 3287 ou
886 3234 924 3286 ta
941 3231 1264 3305 Londe-sur-Farceaux‚

205 3327 309 3372 (auton
319 3304 506 3392 d’Etrepagni.
518 3322 649 3394 Quoique
662 3321 861 3394 l’homonymie
871 3339 907 3377 ue
917 3322 970 3376 soit
978 3338 1027 3394 pas
1035 3323 1107 3376 aussi
1117 3322 1267 3396 complete,

206 3424 279 3462 noua
290 3424 408 3462 somnies
416 3411 510 3481 portes
522 3412 538 3463 a
549 3411 639 3464 croire
651 3429 707 3485 que
719 3412 786 3465 c’est
796 3421 867 3465 cette
883 3410 1011 3465 derniere
1024 3428 1171 3467 commune
1184 3413 1269 3487 qu’on

207 3514 277 3551 aura
293 3497 377 3552 ronlu
389 3497 528 3573 designer.
543 3500 601 3556 Ette
615 3511 657 3556 est
669 3504 796 3556 nommee
809 3501 912 3556 Lauda
931 3501 999 3557 dans
1012 3502 1039 3557 le
1050 3503 1157 3558 Pouille
1175 3503 1269 3561 d’Odo

209 3585 329 3660 Rigaud.
343 3587 381 3641 Le
395 3598 453 3643 rnot
464 3589 580 3644 barbare
593 3591 724 3644 Lalanda
736 3600 833 3646 attente
843 3609 898 3665 que
907 3590 982 3662 dejt,
997 3595 1013 3646 t
1025 3601 1097 3647 cette
1110 3595 1218 3668 epoque
1231 3593 1270 3650 du

210 3687 245 3728 rr·
259 3675 353 3743 siecle,
374 3675 414 3731 les
430 3695 509 3732 noma
527 3678 561 3733 de
575 3679 632 3732 lieu
648 3680 755 3734 avaient
767 3680 825 3753 pris
845 3680 869 3734 la
888 3680 977 3734 forme
989 3680 1122 3755 franqaise
1139 3693 1168 3738 et
1180 3683 1270 3738 meme

210 3761 334 3817 l'artiele.

245 3855 286 3926 (7)
304 3853 479 3923 Fourueaux‚
498 3857 632 3911 ancienne
651 3859 820 3929 seigneurie,
839 3856 1017 3929 aujourd'hui
1034 3858 1151 3913 hameau
1169 3877 1217 3914 sur
1232 3859 1271 3915 les

212 3959 372 3997 communes
382 3943 416 3999 de
428 3945 580 4001 Faverolles
589 3958 617 4001 et
628 3949 736 4013 Fortes,
751 3958 851 4002 canton
862 3947 896 4001 de
905 3948 1040 4003 Conches.

247 4031 287 4101 (8)
306 4032 424 4089 Gautier
436 4034 471 4090 de
484 4036 656 4105 Chaumont,
673 4039 735 4110 pres
747 4037 852 4111 Magni.
864 4036 911 4093 On
924 4036 950 4091 le
960 4055 1077 4110 suppose
1086 4035 1128 4090 fils
1139 4036 1174 4091 de
1184 4038 1271 4094 Geor-

215 4119 279 4187 iroi,
295 4123 411 4178 rioomte
423 4123 457 4179 de
471 4125 643 4194 Chaumont,
658 4138 686 4183 et
696 4129 769 4182 frere
778 4127 838 4182 aine
851 4125 885 4181 de
899 4125 1011 4181 Wallon
1021 4127 1055 4181 de
1069 4125 1236 4182 Chaurnont.
