2910 4980
152 353 244 427 [use.
261 347 354 427 1050]
517 344 634 406 menn
655 344 834 406 uersutis.
1174 352 1211 408 17

151 483 203 540 est
226 465 328 566 quod
345 462 484 564 absque
499 463 557 536 bis
577 463 719 536 duobus
743 463 925 536 elementis
944 462 1117 536 monachi
1136 490 1214 537 esse

149 609 224 655 non
234 596 397 683 possunt.
414 580 491 654 Sed
503 582 539 653 si
553 582 643 652 meis
662 579 821 651 consiliis
840 581 1069 678 acquiescere
1083 581 1213 653 volue-

150 703 250 788 ritis,
272 701 448 800 aptiorem
474 698 592 770 locum
615 697 790 770 intimabo
813 696 927 770 uobis.
952 699 1022 771 Est
1052 699 1152 771 locus
1174 702 1213 772 in

153 819 314 890 Uticensi
345 842 448 917 pago
460 867 471 904 ,
505 814 569 887 ubi
594 814 781 913 quondam
810 819 950 887 anneus
982 815 1057 886 Dei
1087 816 1213 889 beatus

148 933 330 1030 Ebrulfus
357 931 472 1004 abbas
500 930 692 1020 habitarit,
723 931 845 1029 ibique
869 956 1043 1029 magnum
1063 959 1214 1033 gregem

150 1048 408 1122 monachorum
426 1050 658 1148 aggregavit,
674 1064 709 1118 et
723 1048 810 1119 inde
821 1065 904 1146 post
917 1049 1110 1121 multorum
1120 1078 1214 1151 per-

146 1169 385 1269 petrationem
401 1166 660 1240 miraculorum
681 1166 736 1237 ad
759 1166 941 1238 Christum
952 1169 1116 1262 jeiiciter
1140 1172 1214 1240 mi·

148 1287 281 1384 gravit.
309 1284 417 1356 Illius
443 1310 527 1383 erga
555 1283 759 1356 coenobium
785 1283 839 1354 ibi
862 1301 1083 1372 restaurate,
1117 1286 1216 1385 quod

151 1401 371 1474 destructum
393 1417 445 1472 est
465 1428 488 1471 a
507 1402 689 1501 paganis,
711 1402 827 1499 ibique
849 1403 998 1472 nimiam
1019 1429 1128 1500 aqua’
1148 1429 1214 1476 eo·

144 1520 254 1618 piam
280 1519 477 1592 invenietis.
502 1517 640 1590 Nemus
663 1517 781 1589 eidem
806 1517 885 1589 loco
910 1525 1118 1616 contiguum
1142 1520 1213 1591 ba-

150 1633 231 1721 beo,
258 1632 355 1703 unde
374 1632 569 1704 adomnia
588 1635 794 1703 necessaria
816 1631 978 1704 ecclesiae
999 1633 1216 1731 sufficienter

149 1747 428 1821 administrabo.
458 1749 591 1821 Venite
622 1765 655 1819 et
678 1749 796 1819 lucian
821 1750 960 1838 videte,
990 1767 1024 1821 et
1054 1753 1089 1822 si
1112 1751 1214 1824 vobis

145 1866 352 1966 placuerit,
368 1867 449 1938 Deo
471 1865 522 1937 ibi
542 1867 690 1938 domum
712 1871 948 1940 communiter
967 1869 1213 1968 aedificemus,-

149 1982 380 2081 bominesque
392 1981 548 2080 fideles,
573 1988 635 2081 qui
651 2010 724 2084 pro
751 1983 854 2056 nobis
876 1987 943 2084 pie
967 1986 1211 2073 intercedant,

149 2124 389 2197 aggregemus
396 2130 413 2183 ,·
433 2114 467 2168 et
489 2097 535 2169 de
555 2101 685 2170 nostris
705 2099 1009 2197 possessionibus,
1028 2101 1213 2199 justisque

149 2212 350 2285 redditibus
371 2228 510 2286 tantum
529 2215 580 2285 eis
599 2214 745 2302 demus,
776 2230 814 2286 ut
835 2212 942 2286 libere
962 2240 1104 2315 semper
1115 2242 1212 2316 pos-

148 2331 223 2400 sint
245 2354 382 2401 uacare
407 2329 540 2402 divinis
567 2328 751 2400 laudibus.
781 2329 844 2399 His
870 2327 1017 2417 auditis,
1047 2331 1152 2430 Hugo
1175 2347 1212 2404 et

149 2447 344 2520 Rotbertus
363 2447 553 2519 consilium
570 2452 642 2538 ejus
660 2446 918 2535 laudaverunt,
940 2463 976 2519 et
998 2445 1212 2545 praedictum

149 2563 269 2635 locum
281 2561 499 2660 perlustrare
512 2587 596 2632 cum
610 2587 653 2634 eo
667 2578 858 2634 venerunt.
871 2560 1109 2638 Venientibus
1125 2562 1208 2650 illis,

147 2678 288 2752 libellus
300 2679 383 2750 vitae
394 2679 505 2750 salicti
521 2680 631 2776 patris
644 2677 785 2749 Ebrulfi
801 2678 979 2752 Rotberto
990 2676 1130 2750 oblatus
1142 2694 1207 2750 est.

148 2797 262 2889 Quam
289 2795 479 2896 diligenter
501 2795 603 2894 legit,
628 2812 664 2868 et
687 2797 828 2894 Hugoni
852 2797 999 2895 aliisque
1018 2796 1121 2867 sociis
1138 2797 1210 2868 suis

146 2913 343 3011 prudenter
359 2913 535 3011 exposuit.
554 2912 649 3004 Quid
666 2913 804 2987 multa?
820 2914 996 2985 Uticensis
1012 2913 1111 2984 locus
1127 2914 1209 3012 pla-

147 3031 223 3101 cuit
239 3026 412 3102 ambobus
427 3026 612 3100 fratribus.
629 3027 697 3102 Sed
714 3031 797 3129 quia
814 3031 907 3103 idem
923 3031 1022 3103 locus
1037 3028 1209 3103 coenobio

146 3145 312 3219 Beccensi
325 3147 398 3243 jam
418 3142 596 3243 delegatus
614 3143 730 3216 fuerat
740 3200 751 3234 ,
772 3145 1016 3246 aliquantique
1041 3144 1207 3218 monachi

145 3287 189 3333 ex
212 3258 335 3334 eodem
354 3257 545 3348 coenobio,
567 3275 608 3331 ut
624 3263 699 3358 jam
720 3260 895 3350 diximus,
920 3261 993 3332 illic
1017 3286 1207 3334 conversa-

143 3378 293 3467 bantur,
317 3377 435 3451 abbati
455 3379 628 3453 Herluino
652 3395 687 3451 et
704 3378 888 3453 monachis
905 3379 1007 3451 Becci
1027 3379 1063 3449 in
1081 3394 1205 3451 mutua

144 3493 385 3568 vicissitudine
406 3495 548 3585 villam,
567 3522 649 3596 quae
667 3496 800 3568 dicitur
816 3496 977 3569 Rosseria
999 3495 1076 3591 (1),
1099 3493 1206 3567 dede-

142 3629 250 3702 runt,
273 3614 393 3711 sieque
414 3614 627 3712 praedictum
646 3614 766 3687 locum
785 3612 940 3685 liberum
957 3609 1202 3683 reddiderunt.

173 3895 214 3964 (1)
226 3894 263 3949 La
279 3893 442 3962 Roussibre,
458 3913 605 3949 commune
626 3894 661 3947 de
680 3893 932 3947 l'arrondissement
952 3890 986 3944 de
1008 3889 1106 3944 Bernai
1125 3899 1205 3943 nistre

139 3982 263 4058 Brogiie,
283 3985 434 4040 Montreuil
447 3995 475 4040 et
488 3987 524 4039 Lu
538 3985 630 4039 Barre.
645 3985 700 4039 Son
715 3984 799 4056 eglise
814 4004 827 4037 a
843 3984 974 4038 continue'
987 3980 1204 4053 d’appartenirb

137 4073 261 4147 l'abbaye
272 4074 310 4129 du
319 4075 373 4130 Bec
382 4075 491 4148 jusqn'b
505 4075 528 4129 ia
545 4074 719 4129 Risnlution.

214 4190 253 4236 ll.
1038 4188 1056 4230 2
