2910 4980
197 402 255 462 us
420 398 602 461 aurona
624 398 927 467 accentuum.
1152 392 1258 488 [raas]

193 515 403 591 Hildeberto
418 532 554 616 sceptra
569 516 794 591 ‘Francorum
814 517 1057 619 gestamina,
1072 524 1259 621 apostolo-

192 658 276 705 rum
299 631 720 732 principioonatrnxerat
742 633 815 733 (ι),
833 635 1046 735 antiquitate
1064 662 1190 739 magna
1213 666 1259 721 ex

193 761 294 844 parte
318 745 438 818 diruta
458 763 552 834 erat,
578 772 646 821 nec
669 749 865 821 conventui
885 746 1169 843 monachorum,-
1185 755 1258 856 qni

191 856 353 965 quotidie
379 856 595 963 augebatur,
621 858 830 935 sufficiebat.
856 862 971 936 Porro
995 861 1189 941 aedificium
1213 865 1259 943 de

193 975 370 1076 lapidibus
389 972 647 1081 apud'Uticum
663 975 817 1079 cpnde're
833 977 933 1051 valde
946 976 1167 1055 laboriosnm
1182 999 1256 1073 ast,

194 1097 290 1196 quia.
313 1093 501 1193 lapidicina
533 1092 763 1183 Merulensisa
792 1092 888 1181 unde
918 1082 1081 1194 quadrati
1126 1096 1258 1198 lapides

194 1210 431 1299 advehuntur,
458 1210 503 1282 ad
531 1236 593 1284 sex
616 1194 783 1283 milliaria
802 1209 981 1310 longeest
1002 1212 1039 1309 (a
1043 1213 1074 1310 ).
1105 1214 1259 1291 Maxim·

193 1355 277 1430 ergo
293 1331 331 1403 in
348 1326 556 1433 colligendis
573 1328 675 1435 equis
689 1341 726 1401 et
740 1322 858 1433 hobus
869 1342 906 1400 et
916 1326 1084 1426 plaustris
1095 1328 1259 1419 :difficul-

195 1462 246 1518 tas
269 1443 423 1517 instabat
439 1440 751 1543 procuratoribus,
768 1466 833 1541 per
849 1467 939 1542 quos
953 1443 1141 1547 congeries
1157 1444 1256 1576 lapi-

193 1563 301 1650 dum,
311 1561 462 1671 aliique
459 1559 512 1641 ad
524 1574 667 1632 tantum
678 1582 769 1657 opus
781 1557 978 1690 agebantur
995 1561 1193 1635 υεεεεεπίἰ
1187 1587 1257 1677 ap-

194 1694 352 1809 paratus.
371 1673 566 1757 Praelbtus
557 1691 677 1773 itaque
692 1672 799 1775 abbas
812 1675 913 1748 omni
932 1690 1093 1785 tempore
1109 1676 1259 1775 regimi-

194 1794 251 1866 nis
262 1792 316 1865 sui
329 1786 406 1865 noa
419 1790 581 1890 quievit,
596 1786 657 1862 sed
669 1766 867 1864 multarum
879 1814 1001 1862 rerum
1015 1780 1258 1893 sollicitudine

194 1909 319 1982 anxius
335 1898 545 2006 sulajectiset
563 1907 715 2004 posteris
729 1886 864 1979 affatim
882 1905 1050 2005 profecit.
1067 1882 1259 1989 Ecchiim

193 2051 349 2125 namque
372 2023 504 2096 claram
527 2037 576 2097 et·
582 2022 758 2121 amplam,
783 2022 921 2123 Deique
942 2022 1128 2095 servitium
1144 2021 1259 2097 libere

194 2138 456 2215 celebrantibus
481 2152 618 2237 aptam,
649 2138 843 2217 claustrum
869 2152 906 2211 et
933 2135 1259 2237 ⁰³Pll¹¹¹¹l¹¹lnd⁰l³

191 2257 378 2329 mitorium
412 2271 450 2328 et
477 2253 729 2355 refectorium,
765 2254 959 2353 coquinam
987 2269 1024 2326 et
1051 2252 1256 2353 cellarium,

192 2371 346 2471 aliasque
383 2368 539 2451 officinas
565 2384 807 2467 competentes
842 2366 965 2457 usibus
995 2366 1258 2442 monachorum

191 2485 384 2557 auxiliante
408 2486 484 2556 Deo
515 2474 674 2580 perfecit
697 2510 781 2556 cum
805 2480 964 2574 subsidio
998 2500 1036 2556 et
1065 2483 1257 2584 largitione

192 2599 347 2672 fratrum
370 2615 407 2672 et
428 2599 640 2685 amicorum
663 2596 882 2673 lanfrancus
901 2600 998 2673 enim
1022 2592 1257 2735 arehiepisco-

192 2745 272 2819 pus,
287 2716 596 2790 dumdedicatioui
610 2696 838 2801 cadomensis
850 2716 1052 2815 ecclesiae&
1054 2720 1178 2814 )anno
1191 2718 1257 2791 sei·

191 2831 275 2905 licet
290 2829 504 2904 duodecimo
517 2847 600 2929 post
610 2816 804 2930 ¹Anglicum
815 2822 952 2903 bellum
970 2831 1157 2919 interfuit,
1173 2830 1258 2905 Mai·

225 3069 360 3143 (1)Nous
378 3087 460 3124 avons
480 3069 542 3142 deja
561 3069 606 3125 dit
624 3089 678 3146 que
698 3073 770 3126 saint
788 3059 903 3128 Erroult
917 3073 978 3127 vint
995 3071 1115 3127 s‘etablir
1128 3069 1255 3130 venddo

191 3163 259 3218 dans
269 3162 309 3217 lea
320 3172 406 3218 vastes
416 3161 548 3217 solitudes
555 3162 591 3217 de
600 3163 626 3216 la
639 3163 711 3218 soret
723 3162 866 3230 d’Oucbe;
880 3163 900 3218 il
910 3184 929 3237 y
939 3173 1053 3218 mourut
1061 3163 1087 3218 le
1098 3180 1134 3238 29
1145 3162 1256 3219 ddcen·

190 3255 240 3309 bre
252 3251 314 3326 596.
327 3250 376 3308 S’il
387 3252 547 3307 construisit
557 3270 608 3307 son
618 3251 702 3326 eglise
709 3252 838 3325 ‘pendant
849 3271 903 3327 que
914 3251 1057 3326 Chilperic
1067 3261 1096 3306 et
1107 3269 1157 3307 son
1167 3270 1256 3313 neven

191 3342 355 3399 Childebert
363 3342 508 3417 regnaient
519 3342 577 3397 l’un
585 3353 613 3397 et
623 3342 729 3411 lautae,
741 3360 814 3399 cene
825 3354 877 3416 put
889 3344 948 3399 ene
960 3360 1018 3417 que
1025 3341 1062 3401 de
1072 3339 1134 3418 575,
1146 3343 1256 3418 epoqne

191 3435 228 3488 od
240 3430 403 3487 Childebert
416 3429 531 3485 succida
543 3433 559 3483 a
572 3448 623 3485 sou
632 3432 708 3504 pire,
719 3433 734 3485 a
747 3430 896 3489 l’automne
906 3431 941 3485 de
952 3428 1020 3499 58άρ
1028 3429 1152 3503 pendant
1160 3428 1256 3505 lequel

191 3522 543 3596 chilpericlutassaasine'.
581 3570 584 3575 .
704 3568 706 3573 Α

227 3611 265 3682 (a)
283 3611 333 3665 les
345 3609 476 3663 carridrea
486 3608 525 3663 du
535 3606 712 3677 Merleranlt‚
727 3607 797 3664 dont
810 3608 831 3664 il
841 3607 922 3681 s’agit
934 3606 983 3671 ici,
997 3617 1059 3662 sont
1071 3610 1086 3662 a
1099 3604 1171 3662 neni
1177 3604 1256 3663 mille

192 3701 397 3756 toieesenviron
406 3699 441 3753 de
450 3688 667 3756 Sunt-dmoult.
682 3701 732 3754 Les
744 3699 833 3755 milles
844 3701 914 3754 dont
922 3696 942 3751 il
952 3697 1031 3771 s'agit
1044 3697 1078 3751 ici
1091 3696 1253 3770 paruissent,

192 3790 299 3864 d’apres
314 3788 384 3856 cela,
399 3790 475 3843 avoir
486 3791 530 3844 ete
547 3788 582 3843 de
594 3790 693 3864 quinae
707 3799 783 3845 cents
793 3791 876 3844 tnises
891 3805 928 3841 ou
941 3787 1009 3841 trois
1024 3795 1118 3860 quarta
1134 3785 1170 3841 de
1181 3784 1257 3842 liene

193 3877 228 3932 de
245 3889 330 3951 poste,
345 3879 396 3932 Les
409 3877 533 3931 chemins
552 3880 725 3951 aparcourlr
738 3896 809 3951 pour
820 3877 847 3931 le
863 3885 1003 3948 trausport
1019 3874 1068 3929 des
1084 3874 1190 3947 pierres
1202 3871 1255 3928 de·

193 3970 283 4024 valent
300 3973 442 4042 presentet
458 3967 492 4022 de
507 3968 623 4042 grandes
639 3968 784 4024 difficulter
800 3967 868 4022 dans
883 3986 937 4022 une
952 3968 1063 4022 contree
1081 3967 1153 4020 aussi
1166 3964 1255 4020 abon-

193 4058 276 4112 dante
287 4077 321 4112 en
336 4059 395 4113 bois
406 4068 434 4112 et
445 4077 481 4112 en
494 4059 658 4132 mardcages.

227 4142 265 4214 (5)
283 4146 501 4202 Cettededicace
511 4145 624 4202 eutlieu
639 4146 664 4202 le
681 4144 711 4202 15
722 4144 877 4220 septembre
892 4163 965 4219 ¹⁰77·
