2910 4980
564 468 682 532 LIBER
702 469 885 546 QUINTUS.
1198 473 1255 534 411

191 620 274 668 eum
290 594 421 692 injuste
435 604 583 691 paterna
602 588 809 664 haereditate
825 589 1041 688 privaverat.
1060 584 1124 663 llle
1146 592 1261 663 nimi-

191 737 274 782 rum
296 735 457 783 moerens
476 707 724 783 vehementem
746 707 928 781 audaciam
951 708 1123 808 arripuit;
1148 713 1260 807 junc-

191 829 307 927 tisque
329 825 396 898 sibi
423 823 539 897 tribus
564 822 738 897 fratribus
761 825 856 912 suis,
875 824 938 926 qui
960 823 1107 897 mitiuri
1129 824 1259 923 probi-

191 961 263 1018 tate
279 944 486 1044 pollebant,
505 958 620 1015 noctu
636 942 680 1013 ad
698 968 873 1015 cameram
889 943 1079 1016 comitissae
1095 945 1256 1031 accessit,

191 1061 375 1160 ipsamque
395 1059 431 1130 in
451 1057 651 1157 municipio
675 1085 781 1158 super
801 1057 950 1149 Dicam,
968 1056 1066 1157 quod
1082 1059 1186 1130 Buris
1203 1058 1261 1132 di·

190 1179 288 1249 citur
302 1178 357 1275 (ι)
366 1230 376 1264 ,
397 1176 435 1247 iu
453 1176 548 1249 lecto
565 1190 646 1274 post
661 1172 830 1247 balneum
847 1174 1095 1262 deliciantem,
1113 1202 1182 1273 pro
1197 1202 1260 1249 re-

189 1292 484 1393 compensatione
506 1291 716 1391 patrimonii
740 1293 793 1364 sui
818 1317 901 1365 ense
923 1292 1160 1365 detruncavit.
1189 1300 1259 1366 Pe-

189 1428 286 1482 racta
314 1411 433 1510 itaque
458 1409 555 1483 caede
575 1408 695 1481 feralis
718 1406 834 1496 beree,
861 1409 966 1481 multi
991 1410 1036 1482 de
1057 1410 1162 1482 ruina
1185 1414 1260 1508 ejus

190 1527 412 1612 exultavere,
436 1527 600 1625 tantique
624 1523 796 1600 facinoris
820 1543 982 1600 auctores
1006 1526 1198 1601 confestim
1221 1529 1258 1599 in

191 1645 361 1745 Apuliam
385 1643 518 1718 abiere.
546 1645 651 1745 Hugo
673 1643 717 1717 de
739 1645 1062 1719 Monte-Gomerici
1092 1648 1149 1746 (a)
1177 1673 1260 1719 cum

191 1787 254 1836 xvi
280 1759 458 1834 militibus
484 1762 520 1833 in
547 1762 672 1834 eodem
696 1761 778 1837 vico
808 1777 902 1851 erat:
931 1762 993 1836 sed
1018 1762 1134 1836 audita
1164 1763 1260 1836 clade

189 1880 406 1951 matrissuae
430 1879 607 1979 fugientes
629 1876 826 1952 homicidas
850 1881 1036 1980 persequi,
1059 1906 1133 1953 non
1155 1906 1260 1955 com·

191 1996 413 2098 prehendere
439 2012 583 2096 poterat
590 2024 601 2084 3
636 1996 719 2097 quia
750 1996 900 2094 provida
932 1997 1104 2069 calliditas
1133 2024 1259 2071 eorum

190 2129 321 2214 pontes
341 2113 538 2186 lluviorum
560 2139 656 2212 pone
672 2112 817 2213 vestigia
838 2140 900 2185 sua
907 2167 918 2201 ,
943 2139 989 2186 ne
1013 2128 1259 2187 tenerentura

166 2228 411 2319 'vindicibus,
439 2230 673 2302 destruxerat.
701 2229 860 2302 Hiemale
885 2254 1030 2330 quoque
1058 2246 1199 2330 tempus
1223 2246 1260 2303 et

192 2344 379 2420 tenebrosa
392 2372 485 2435 uox,
501 2345 768 2444 fluminumque
783 2344 1034 2420 inundationes
1047 2372 1260 2447 persequen-

191 2480 243 2539 tes
261 2462 522 2564 impediebant,
534 2479 570 2537 et
582 2465 779 2564 fugientes,
794 2463 932 2538 ultione
945 2464 1057 2552 facta,
1073 2464 1259 2538 Norman-

191 2584 289 2656 niam
303 2582 424 2654 statim
445 2580 712 2680 relinquebant.
734 2580 898 2679 Denique
915 2582 1153 2655 'summensis
1170 2608 1259 2655 con-

190 2715 319 2772 ventus
328 2700 399 2797 (cui
411 2697 718 2770 Durandusabbas
728 2700 895 2797 praeerat)
904 2700 1258 2772 cadaverfrustratim

190 2816 423 2890 dilaceratum
442 2842 555 2889 nonas
572 2813 771 2888 decembris
787 2814 949 2915 sepelivit
964 2817 1042 2914 (ὅ),
1064 2832 1100 2890 et
1116 2842 1193 2890 non
1209 2814 1258 2890 ob

190 2933 464 3032 praerogativam
483 2933 719 3020 meritorum,
736 2932 796 3006 sed
812 2959 880 3030 pro
900 2933 1022 3009 lavore
1038 2935 1256 3024 amicorum,

191 3078 298 3150 super
316 3050 496 3122 tumulum
513 3048 574 3121 has
587 3051 723 3122 naenias
739 3049 863 3124 edidit.

331 3219 394 3276 Alta
406 3202 560 3275 clarentum
572 3218 607 3274 dc
619 3221 705 3294 stirpe
717 3229 807 3274 creata
820 3231 980 3292 pareutum,

366 3307 423 3362 llac
436 3307 541 3379 tegitur
553 3307 650 3362 tumba
663 3306 782 3362 maxima
793 3307 914 3362 Mabilia.

332 3396 409 3463 Haec,
425 3398 499 3451 iuter
509 3396 630 3452 celebres
642 3398 745 3452 famosa
757 3397 845 3469 magis
858 3396 1001 3466 mulieres,

363 3485 473 3540 Claruit
484 3487 513 3540 iu
528 3485 584 3541 lato
597 3485 664 3541 orbe
677 3488 719 3541 sui
734 3487 844 3542 merito.

332 3572 431 3642 Acrior
440 3574 569 3646 ingenio,
584 3592 665 3629 seusu
676 3574 756 3648 vigil,
773 3575 892 3649 impigra
904 3575 988 3643 sacto,

363 3662 449 3717 Utilis
461 3663 588 3736 eloquio,
602 3663 716 3736 provida
726 3663 853 3734 consilio,

330 3753 415 3808 Exilis
427 3754 532 3821 forma,
548 3753 595 3808 sed
607 3755 720 3828 grandis
733 3772 846 3828 prorsus
858 3754 1001 3821 honestas,

361 3841 480 3916 Dapsilis
493 3843 523 3896 in
536 3853 664 3915 sumptu,
678 3841 752 3898 culta
765 3842 830 3898 satis
843 3842 957 3912 habitu,

195 3991 328 3999 ..σι-..-

226 4082 264 4150 (1)
282 4080 383 4150 Butes,
398 4084 461 4154 pris
476 4083 595 4136 Troarn.

226 4169 264 4237 (a)
282 4169 398 4242 Hugues
410 4167 445 4224 de
458 4171 689 4244 Moutgommeri,
702 4181 793 4226 comte
805 4171 841 4226 de
853 4170 1037 4244 Shrewsbury
1050 4189 1085 4226 en
1102 4174 1178 4245 1094.

227 4256 267 4327 (3)
286 4259 323 4315 Le
335 4258 352 4314 5
365 4260 511 4316 decembre
527 4261 602 4316 1082.
