2910 4980
164 404 368 482 [rossana]
488 400 638 462 tarsen
659 401 837 463 suarius.
1185 409 1219 464 ιι

162 524 404 624 principatum
422 521 655 595 Normanniae
673 523 845 622 suscepit,
863 536 900 595 et
916 539 1051 620 septem
1064 524 1167 594 annis
1180 548 1221 596 ac

161 638 311 711 dimidio
332 636 519 735 insigniter
532 637 668 725 tenuit,
689 652 903 736 patrumque
924 662 1072 709 suorum
1091 663 1221 737 sequax

162 757 440 830 cerasiacensem
471 753 651 827 abhatiam
680 757 877 828 instaurare
912 757 1037 852 coepit.
1074 756 1221 829 Timore

161 899 246 946 vero
260 874 323 946 Dei
338 886 594 970 compunctus,
609 886 795 944 terrenum
809 870 985 946 honorem
997 871 1163 971 reliquit,
1183 887 1221 944 et

159 1004 352 1088 spontanea
370 987 659 1088 peregrinatione
676 1004 833 1086 arrepta,
854 988 1059 1087 sepulcrum
1072 986 1220 1059 Domini

159 1104 257 1205 quod
279 1120 332 1178 est
358 1105 396 1176 in
419 1104 611 1177 Jerusalem
636 1104 723 1176 adiit
731 1133 742 1191 ;
772 1119 807 1177 et
832 1105 915 1176 inde
939 1102 1100 1191 rediens,
1126 1101 1221 1202 apud

159 1221 316 1296 Nicaeam
339 1219 464 1293 urbem
482 1219 664 1320 Bithyniae
689 1244 785 1293 anno
806 1219 851 1291 ah
874 1221 1119 1292 incarnatione
1142 1222 1220 1293 Do-

157 1339 246 1409 mini
273 1354 417 1410 uxxxv⁰
434 1336 540 1410 obiit.
567 1339 683 1411 Porro
696 1338 909 1410 Willermus
930 1337 1024 1410 filius
1041 1341 1135 1436 ejus,
1155 1337 1219 1437 qui

161 1469 246 1525 tunc
272 1469 356 1527 octo
386 1479 564 1526 annorum
593 1469 692 1541 erat,
722 1453 889 1526 ducatum
922 1455 1219 1528 Normannorum

158 1570 331 1666 suscepit,
352 1583 389 1641 et
406 1569 606 1641 multorum
625 1568 761 1642 insidiis
779 1569 994 1643 aemulorum
1013 1569 1217 1667 impetitus,

160 1685 334 1755 susannis
350 1700 494 1758 strenue
509 1686 637 1758 tenuit.
649 1685 728 1782 lpse
741 1701 931 1783 parentum
942 1709 1092 1757 suorum
1104 1683 1219 1757 studia

157 1801 255 1898 sequi
269 1825 349 1897 erga
362 1801 429 1874 Dei
447 1802 585 1874 cultum
599 1803 738 1901 sategit,
755 1803 901 1901 Deoque
914 1801 1069 1889 favente,
1085 1801 1219 1873 divitiis

157 1930 194 1986 et
206 1930 381 2013 potestate
393 1943 540 1990 omnem
551 1933 694 2015 patrum
707 1943 855 1992 suorum
866 1918 1016 2015 gloriam
1032 1931 1219 1988 transcen·

157 2028 224 2103 dit.
244 2031 348 2129 Apud
367 2032 562 2105 Cadomum
580 2032 654 2106 duo
672 2030 838 2105 coenobia
856 2032 1085 2106 construxit:
1105 2056 1219 2104 unum

156 2149 418 2223 monachorum
444 2150 481 2220 in
508 2148 647 2223 honore
673 2150 785 2221 sancti
810 2149 980 2246 Stephani
1010 2164 1219 2246 protomar-

159 2264 268 2364 tyris,
295 2263 391 2336 aliud
415 2265 743 2338 sanctimonialium
763 2267 800 2337 in
825 2265 964 2340 honore
984 2282 1115 2338 sauctae
1133 2265 1220 2336 Tri·

160 2397 282 2453 nitatis

156 2639 285 2695 des-Pres
297 2640 372 2696 etde
387 2641 599 2715 saint-Benigne
611 2642 646 2696 de
660 2643 744 2715 Dijou
756 2641 905 2716 indiquent
918 2642 943 2697 le
954 2641 1048 2697 6aor⁴1t
1059 2643 1070 2712 (
1077 2649 1140 2697 νιιιο
1152 2641 1219 2699 idus

156 2731 300 2802 augustr');
308 2748 346 2784 un
358 2742 437 2786 autre
448 2731 624 2805 temoiguage
633 2732 841 2805 contemporale
853 2731 878 2784 la
890 2741 971 2804 porte
983 2748 1019 2784 au
1033 2727 1067 2786 25
1077 2729 1117 2786 du
1126 2731 1216 2788 meme

157 2819 227 2873 mois
240 2821 283 2887 (¹⁰
290 2818 427 2875 kalendas
438 2821 624 2892 septembris).
636 2821 712 2876 Nous
725 2839 760 2875 ne
774 2839 844 2876 nous
856 2820 1033 2876 dissimulons
1044 2839 1090 2894 pas
1106 2819 1131 2875 la
1143 2820 1216 2877 dilli-

158 2905 231 2961 culte
244 2905 403 2963 d’accorder
416 2927 460 2963 ces
471 2908 590 2964 diverses
599 2909 724 2965 fixations
738 2909 963 2965 non-seulement
974 2919 1054 2964 entre
1064 2907 1140 2976 elles,
1148 2910 1218 2965 mais

156 3015 221 3052 arec
233 2995 282 3051 des
294 3007 367 3053 actes
379 2998 463 3052 d’une
478 2998 581 3071 grande
590 2999 782 3055 anthenticite.
798 3000 887 3066 hiasi,
902 3017 953 3072 par
965 3016 1043 3053 exem
1047 2997 1100 3071 ple,
1111 2997 1218 3072 d’apres

156 3086 183 3141 le
202 3085 359 3142 dotalitium
370 3087 405 3144 de
417 3087 444 3143 la
462 3088 596 3144 duchesse
614 3088 717 3158 adele,
732 3088 753 3144 il
769 3091 915 3162 paraitrait
932 3107 987 3163 que
1001 3107 1051 3144 son
1073 3089 1144 3144 mari
1166 3088 1217 3144 Ri-

156 3173 242 3229 chard
256 3177 300 3231 111
312 3177 402 3231 aurait
420 3178 478 3250 pris
495 3177 737 3233 l'administration
756 3177 791 3233 de
809 3179 835 3233 la
855 3177 1026 3232 Normandie
1041 3177 1090 3232 des
1102 3176 1142 3232 les
1153 3195 1217 3251 pre·

156 3264 242 3318 miers
248 3263 327 3336 jones
339 3265 376 3320 de
393 3265 467 3320 1026.
483 3267 564 3339 (Ego
574 3266 733 3348 Richardus
742 3267 983 3322 Nortmannorum
994 3264 1063 3321 dux.
1079 3307 1086 3320 .
1103 3306 1110 3320 .
1127 3305 1134 3320 .
1152 3306 1158 3318 .
1179 3302 1187 3317 .
1209 3306 1216 3319 .

157 3353 263 3409 Datum
275 3374 368 3411 mense
384 3356 523 3430 januarii,
535 3375 611 3412 anno
627 3360 827 3412 incarnationis
836 3357 951 3412 Domini
961 3366 992 3410 se
1006 3363 1050 3410 u⁰
1063 3365 1112 3423 vu,
1127 3352 1217 3408 indec-

156 3445 230 3498 abac
253 3447 315 3516 η’).
329 3445 402 3500 D’un
413 3455 492 3500 autre
503 3444 581 3514 οὸῑό,
600 3445 640 3501 les
651 3447 761 3502 chartea
778 3446 813 3502 de
832 3445 957 3502 Richard
979 3446 1007 3500 ll
1019 3463 1055 3499 en
1071 3443 1166 3500 saueur
1182 3444 1218 3499 de

154 3535 312 3609 turilegos,
327 3535 362 3590 de
378 3536 511 3611 Fecamp‚
532 3536 567 3592 de
580 3536 678 3592 Bernai
690 3541 849 3612 presentent
861 3537 887 3591 la
901 3536 965 3590 date
979 3534 1018 3588 du
1037 3534 1109 3589 mois
1123 3531 1218 3588 d'aout

159 3641 235 3700 ¹⁰27·
249 3625 328 3680 Nous
339 3645 373 3681 ne
384 3644 486 3700 voyons
494 3627 601 3683 d’autre
614 3646 712 3699 moyen
725 3627 760 3682 de
770 3625 900 3681 concilior
913 3643 957 3679 ces
969 3624 1045 3678 dates
1056 3625 1139 3698 qu'eu
1151 3641 1217 3697 sup-

110 3707 113 3716 '
155 3725 255 3786 potant
273 3733 328 3789 que
345 3715 469 3772 Richard
486 3717 529 3771 ΙΙΙ
546 3718 586 3773 ait
601 3718 659 3791 pris
675 3715 916 3770 l’administration
931 3714 971 3768 du
985 3713 1078 3768 duche
1097 3723 1177 3767 avant
1192 3711 1218 3767 la

156 3813 232 3858 mort
246 3804 281 3861 de
298 3822 348 3859 sun
366 3807 445 3878 pere,
459 3806 508 3880 qni
525 3807 613 3860 aurait
632 3808 709 3878 passe
724 3804 763 3859 les
775 3804 900 3860 derniers
913 3804 983 3859 mois
995 3802 1031 3858 de
1043 3821 1072 3857 sa
1083 3804 1126 3858 rie
1137 3805 1153 3857 t
1164 3803 1218 3858 Fe-

156 3910 249 3965 camp‚
268 3893 450 3951 entierement
467 3895 535 3950 livre
551 3897 566 3950 ὲ
584 3913 630 3950 ces
642 3895 789 3951 habitudes
802 3895 988 3969 monastiques
1001 3893 1049 3968 qui
1062 3894 1101 3949 lui
1115 3894 1218 3949 etaient

156 3982 180 4035 si
193 3981 299 4037 cheres.

193 4071 289 4139 Quant
305 4074 321 4125 a
337 4070 362 4126 la
380 4071 443 4127 date
459 4073 494 4129 de
513 4073 538 4128 la
556 4084 630 4128 mort
642 4073 677 4129 de
689 4072 813 4129 Richard
825 4073 883 4142 111,
901 4089 971 4128 nous
987 4081 1169 4128 rencoutrons
1180 4071 1220 4126 les

158 4156 262 4213 memes
276 4157 466 4223 incertitudes.
480 4159 644 4235 Cependant
656 4178 693 4216 ou
706 4162 758 4228 sait
769 4179 818 4234 par
829 4160 862 4216 ta
868 4160 964 4217 charte
978 4158 1014 4215 de
1029 4157 1172 4216 laudatiora
1186 4156 1221 4212 de
