2910 4980
192 411 253 470 ato
466 400 977 467 amoma-ecctssttstlct.
1151 404 1259 484 [1071]

100 608 107 630 Ι
194 529 233 600 in
246 528 429 602 Oceanum
445 527 588 627 navigio
603 525 789 628 diffugere.
807 526 876 601 Sed
894 526 954 599 ille
969 525 1066 598 falsis
1081 524 1261 626 allegatio·

193 643 299 716 nibus
318 643 528 742 simpliciter
544 642 746 743 adquievit,
761 658 798 718 et
813 669 897 717 cum
912 644 984 716 suis
1000 642 1044 716 ad
1058 656 1181 742 regem
1193 668 1261 743 pa·

193 760 294 832 cilice
304 759 348 831 de
361 760 474 832 insula
484 761 608 832 exivit.
621 762 696 833 Rex
707 775 825 833 autem
839 777 1003 834 metuens
1016 787 1062 834 ne
1074 762 1260 835 Mercarus

193 876 340 976 injurias
353 875 420 948 sibi
438 893 474 949 et
487 877 735 975 compatriotis
752 877 824 948 suis
839 878 1007 976 nequiter
1020 875 1135 949 illatas
1151 875 1261 949 ulcis-

192 1007 347 1079 ceretur,
362 1007 399 1064 et
414 1017 478 1090 per
490 1018 572 1065 eum
592 992 721 1092 aliquae
735 990 927 1064 seditiones
945 992 984 1064 in
1002 1018 1115 1092 regno
1130 989 1261 1066 Albio-

192 1108 249 1178 nis
267 1105 505 1207 implacabiles
522 1110 722 1196 orirentur,
743 1108 846 1181 illum
863 1110 940 1182 sine
955 1109 1147 1183 manifesto
1160 1123 1261 1184 reatu

88 1231 92 1238 '
192 1223 322 1297 vinclis
345 1225 484 1321 injecit,
508 1227 682 1327 omnique
704 1226 776 1298 vita
799 1252 859 1298 sua
886 1228 923 1298 in
950 1227 1130 1328 ergastulo
1153 1252 1261 1302 cocc-

194 1336 291 1428 cuit‚
310 1353 347 1411 et
369 1340 517 1412 cautelae
537 1339 693 1439 Rogerii·
706 1339 876 1439 oppidani
899 1341 1098 1416 Belmontis
1120 1341 1261 1415 manci-

192 1456 291 1554 pavit
302 1457 370 1554 (1)
389 1455 496 1549 Quod
511 1455 790 1531 formosissimus
801 1459 944 1555 juvenis
962 1456 1124 1531 Eduinus
1142 1484 1261 1534 comcs

194 1588 235 1643 ut
259 1571 395 1645 audivit
420 1574 492 1671 (a),
523 1575 636 1648 emori
659 1600 768 1674 quam
796 1574 917 1648 vivere
939 1577 1165 1676 peroptavit,
1193 1576 1260 1649 nisi

193 1694 399 1763 Morcarum
424 1690 573 1764 fratrem
602 1717 706 1763 suum
733 1693 861 1790 injuste
889 1709 1033 1794 captum
1053 1693 1259 1782 liberasset,

194 1820 257 1879 aut
279 1806 466 1883 uberrimo
486 1810 657 1911 sanguine
676 1809 976 1884 Normannorum
993 1839 1066 1886 sese
1081 1812 1262 1886 vindices-

196 1939 261 1996 set.
282 1924 351 1997 Sex
368 1925 479 2023 igitur
492 1924 675 1999 mensibus
692 1953 712 1996 a
729 1927 846 1999 Scotis
862 1943 900 1999 et
919 1927 1055 2001 Guallis
1069 1926 1126 2001 vel
1137 1927 1262 2029 Anglis

195 2041 324 2114 auxilia
342 2041 409 2114 sibi
420 2043 606 2143 .quaesivit.
622 2046 759 2117 lnterea
779 2059 851 2117 tres
863 2044 1010 2132 fratres,
1026 2046 1088 2145 qui
1106 2047 1138 2119 ei
1158 2044 1263 2118 fami·

196 2158 299 2237 lieres
323 2160 568 2261 praecipuique
596 2160 763 2234 satellites
787 2175 910 2250 erant,
938 2162 1157 2234 Normannis
1181 2186 1263 2236 eum

195 2274 456 2374 prodiderunt,
475 2292 512 2350 et
534 2278 598 2376 ipsi
616 2277 781 2350 eumdem
801 2304 883 2349 cum
904 2303 955 2349 xx
977 2277 1160 2377 equitibus
1185 2293 1264 2351 toto

196 2393 278 2464 nisu
295 2419 367 2465 sese
386 2393 638 2467 defendentem
657 2394 880 2469 occiderunt.
905 2396 1010 2466 Tunc
1026 2394 1070 2466 ad
1091 2393 1161 2468 hoc
1180 2394 1262 2469 faci·

196 2532 266 2578 nus
287 2509 494 2582 exaestuatio
519 2510 657 2581 marina
681 2509 908 2582 Normannos
933 2508 1088 2608 adjuvit,
1111 2535 1197 2611 quae
1222 2508 1264 2581 ad

197 2621 356 2694 rivulum
370 2621 561 2725 quemdam
580 2624 765 2697 Eduinum
782 2625 915 2696 morari
933 2626 1063 2725 coegit,
1083 2627 1192 2724 eique
1207 2625 1265 2697 fu-

196 2765 279 2837 gam
312 2742 455 2839 penitus
489 2741 634 2814 ademit.
669 2740 799 2814 Audita
829 2767 896 2839 per
927 2740 1097 2840 Angliam
1129 2740 1266 2815 Eduini

198 2870 337 2944 morte,
363 2856 480 2930 luctus
509 2859 634 2957 ingens
658 2882 733 2930 non
761 2857 880 2929 solum
903 2857 1045 2957 An‘glis,
1073 2856 1133 2930 scd
1159 2859 1266 2932 etiam

237 3178 276 3248 (ι)
295 3177 345 3232 Les
356 3177 452 3234 choses
460 3198 496 3233 ne
505 3197 533 3233 se
541 3180 682 3251 passerent
689 3195 737 3250 pas
748 3176 1179 3252 eractementccmmel'indique
1189 3185 1270 3253 notre

203 3275 312 3321 auteur.
326 3267 366 3322 Ce
378 3286 414 3322 ne
425 3267 468 3322 sut
479 3285 527 3341 pas
536 3261 698 3322 Guillanrne
707 3267 757 3341 qui
769 3267 907 3321 renserma
917 3267 1027 3321 Morcar
1036 3264 1104 3326 dans
1113 3262 1170 3322 l'lle
1180 3258 1268 3338 d’Ely,

203 3356 273 3410 mais
292 3355 405 3411 celui—ci
425 3358 473 3431 qui
494 3358 533 3429 s'y
553 3357 659 3430 re‘lugia
676 3355 906 3411 voloutairement
923 3358 1025 3430 auprls
1042 3355 1078 3410 de
1098 3354 1267 3422 llerewmd,

202 3462 275 3517 pour
288 3464 317 3500 se
329 3445 448 3501 derober
465 3465 518 3501 aux
534 3445 663 3501 atteintes
676 3444 715 3500 du
728 3448 780 3501 roi.
795 3447 873 3501 Nous
890 3463 1048 3520 apprenons
1061 3446 1096 3500 ici
1109 3463 1166 3519 que
1183 3445 1269 3503 celat

201 3534 296 3608 Roger
308 3535 343 3591 de
352 3537 506 3592 Beaumont
519 3536 568 3610 qui
582 3546 660 3610 recut
669 3535 696 3590 la
705 3536 821 3591 mission
829 3536 864 3592 de
877 3536 903 3590 le
914 3535 1014 3610 garder
1024 3536 1194 3610 prisonnier,
1205 3553 1269 3611 pro-

202 3623 362 3680 bablement
370 3626 439 3680 dans
448 3624 505 3680 l’un
515 3625 551 3680 de
564 3643 606 3679 ses
621 3623 756 3680 chiteaux
769 3625 804 3681 de
816 3626 983 3692 Beaumont,
998 3624 1034 3680 de
1046 3625 1170 3683 Briouue
1182 3643 1222 3681 ou
1234 3623 1269 3680 de

204 3713 437 3770 Pontaudemer.
452 3717 499 3773 On
510 3718 562 3771 sait
574 3735 630 3790 que
644 3718 762 3784 Mercar‚
779 3716 869 3772 rendu
882 3720 896 3770 1
909 3716 934 3771 la
945 3715 1044 3772 liberte
1058 3735 1108 3790 par
1117 3716 1223 3772 l’onlre
1234 3715 1272 3771 (lu

204 3805 411 3878 Conqueranta
427 3823 478 3860 son
491 3805 525 3859 lit
536 3805 571 3859 de
589 3816 679 3874 mort,
697 3806 740 3862 lut
753 3825 872 3881 presque
884 3805 1129 3878 immediaternent
1138 3807 1226 3864 remis
1237 3823 1271 3861 eat

206 3897 335 3967 captivite
346 3914 397 3967 par
410 3894 717 3952 Guillaume·le·Roux.

241 3988 279 4057 (a)
298 3988 374 4041 Nous
387 4005 422 4041 ne
438 4004 557 4060 pensons
576 4006 625 4061 pas
639 3987 787 4063 qu'Edwin
805 4006 840 4041 ne
860 4005 888 4041 se
904 3988 958 4042 soit
973 3986 1098 4042 decidet
1113 3985 1234 4059 prendre
1247 3985 1272 4041 la

206 4078 274 4131 luite
288 4079 414 4151 qu’apres
424 4080 501 4133 avoir
513 4097 549 4133 eu
562 4081 756 4134 connaissance
768 4077 842 4136 dela
854 4079 984 4153 captivite
996 4078 1032 4134 de
1046 4097 1095 4133 son
1107 4078 1193 4146 frere,
1205 4077 1273 4133 mais

206 4167 289 4239 qn’au
301 4169 439 4224 contraire
453 4187 484 4224 ce
495 4169 539 4224 lut
549 4168 589 4223 lui
602 4170 650 4243 qui
665 4170 769 4243 rompit
783 4168 940 4241 lepremier
952 4185 1016 4223 avec
1027 4165 1200 4223 Guillaume.
