2910 4980
186 406 294 486 [1074]
551 402 881 478 eruenousurus.
1188 402 1248 464 ecs

186 526 333 614 lentur.
347 540 383 599 et
403 524 630 598 clementiam
655 526 731 623 ejus
754 526 859 624 (quae
879 521 1076 594 tardissima
1102 522 1151 594 eis
1177 523 1248 593 visa

187 643 260 738 est)
272 643 314 715 in
332 641 432 715 duris
451 640 625 740 agonibus
642 639 909 739 praestolantur.

235 756 453 858 Vere-gloria
466 757 591 830 muudi
606 773 647 829 ut
662 757 729 830 llos
742 757 835 830 foeni
853 755 985 829 decidit
996 769 1033 828 et
1049 756 1190 842 arescit,
1209 783 1250 828 ac

183 876 285 951 velut
315 873 436 948 fumus
464 873 585 948 deficit
618 889 654 948 et
682 874 832 949 transit.¹
856 871 928 946 Ubi
957 887 1010 946 cst
1037 869 1251 945 Guillelmus

186 992 339 1067 Osbcrni
364 990 460 1064 filius
485 989 734 1064 Herlordensis
756 1015 875 1063 comes
901 1004 938 1061 et
961 989 1054 1089 regis
1074 989 1247 1077 vicarius,

185 1107 421 1183 Normanniae
443 1106 589 1206 Dapifer
609 1121 645 1179 et
668 1107 834 1206 magister
859 1103 1017 1177 militum
1037 1103 1251 1177 bellicosus?

185 1222 254 1295 llic
265 1222 443 1295 vnimirum
455 1222 594 1320 primus
607 1236 644 1292 et
656 1221 830 1292 maximus
843 1243 1033 1319 oppressor
1047 1219 1251 1319 Anglorum

183 1335 330 1425 luit,‘et
349 1361 536 1410 enormem
552 1360 690 1407 causam
709 1360 774 1432 per
791 1334 1029 1407 temeritatem
1044 1360 1142 1408 suam
1159 1360 1250 1407 enu-

184 1446 308 1540 trivit,
325 1476 510 1552 perquam
525 1450 649 1523 multis
665 1450 826 1523 millibus
843 1451 946 1522 ruina
962 1451 1103 1524 miserae
1121 1452 1249 1525 mortis

184 1567 363 1640 incubuit.
378 1566 513 1641 Verum
524 1569 640 1664 justus
659 1564 768 1666 judex
786 1569 908 1641 omnia
920 1565 1034 1657 videt,
1055 1582 1092 1640 et
1105 1568 1249 1639 uuicui-

183 1708 262 1786 que·
277 1700 388 1782 prout
404 1699 563 1756 meretur
582 1684 689 1783 digne
705 1683 883 1758 redhibet.
903 1684 998 1758 Proh
1018 1684 1142 1759 dolor!
1168 1710 1249 1757 ecce

182 1799 398 1875 Guillelmus
421 1801 578 1891 corruit,
605 1800 718 1873 audax
735 1800 869 1876 athleta
885 1805 1022 1903 recepit
1040 1802 1137 1902 quod
1153 1816 1250 1902 'pro-

182 1919 329 1992 meruit.
346 1919 396 1991 Ut
410 1917 544 1991 multos
561 1944 644 1992 ense
660 1918 873 2007 trucidavit,
896 1921 970 2017 ipse
987 1944 1132 2020 quoquc
1149 1919 1249 1992 ferro

181 2050 331 2134 repente
343 2035 494 2107 interiit.
513 2035 676 2135 Denique
688 2050 772 2133 post
787 2038 860 2134 ejus
877 2060 1041 2107 occasum
1057 2051 1248 2134 antequam

182 2147 338 2221 lustrum
362 2147 617 2247 ‘compleretur
647 2175 845 2238 annorum,
877 2149 1024 2248 spiritus
1060 2146 1247 2222 discordiae

182 2264 300 2338 filium
316 2269 390 2365 ejus
402 2280 439 2339 et
450 2292 623 2365 generum
636 2281 761 2340 contra
777 2264 967 2338 dominum
984 2291 1088 2337 suum
1102 2282 1139 2339 et
1157 2290 1247 2367 eog-

181 2395 310 2453 uatum
322 2379 500 2453 hostiliter
511 2381 736 2481 excivit,qui
747 2379 950 2452 sichimitas
958 2395 1085 2454 contra
1096 2378 1246 2454 Abime-

181 2493 261 2569 lecb
278 2497 401 2596 (quem
417 2496 625 2569 occisisnxx
639 2496 721 2570 filiis
729 2494 897 2569 vlerobaal
909 2494 977 2567 sibi
989 2494 1244 2594 praefecerant)
1347 2519 1349 2524 ’
1368 2562 1378 2573 .

181 2614 388 2686 commovit.
405 2615 462 2687 En
479 2614 651 2687 veraciter
663 2642 682 2686 a
694 2640 753 2687 me
763 2613 939 2712 descripta
950 2630 1003 2687 est
1014 2614 1162 2702 offensa,
1176 2640 1245 2714 pro

181 2757 251 2831 qua
263 2730 449 2806 Guillelmi
464 2734 652 2832 progenies
665 2732 837 2807 eradicata
850 2733 901 2804 sic
916 2746 968 2806 est
981 2730 1025 2806 de
1040 2732 1168 2833 Anglia
1177 2787 1188 2821 ,
1203 2749 1244 2804 ut

181 2875 248 2923 nec
263 2876 406 2948 passum
420 2851 518 2948 pedis
533 2851 622 2946 (nisi
639 2848 767 2948 fallor)
781 2855 856 2949 jam
868 2842 1092 2924 nanciscatur
1109 2852 1149 2923 in
1167 2851 1240 2924 illa.

227 2965 328 3039 XlV.
338 2967 528 3040 Guallevus
540 2993 658 3042 comes
669 2967 714 3040 ad
725 2970 1045 3069 regemaccersitus
1055 2985 1121 3056 est,
1133 2985 1171 3043 et
1180 2996 1245 3069 per

180 3081 394 3156 delationem
408 3083 532 3156 tudith
544 3086 666 3157 uxoris
678 3111 752 3158 suae
765 3103 946 3158 accusatus
960 3102 1025 3175 est,
1037 3086 1136 3186 quod
1147 3113 1245 3184 prae·

180 3198 286 3272 dictae
298 3197 513 3297 proditionis
528 3203 691 3275 conscius
704 3218 740 3273 et
751 3200 873 3274 fautor
886 3202 1008 3290 fucrit,
1024 3202 1245 3302 dominoque

181 3319 244 3390 'suo
273 3315 425 3389 infidelis
454 3320 625 3391 extiterit.
657 3320 720 3393 llle
750 3337 867 3393 autem
900 3319 1099 3418 intrepidus
1126 3321 1244 3419 palam

180 3434 392 3534 recognovit
401 3435 497 3532 quod
510 3435 738 3533 proditorum
752 3438 1005 3535 nequissimam
1017 3436 1243 3509 voluntatem

180 3545 224 3619 ab
239 3548 290 3620 eis
307 3547 480 3636 audierit;
500 3550 561 3622 sed
578 3552 678 3623 eisin
692 3566 763 3622 tam
781 3549 933 3624 nefanda
945 3577 985 3623 rc
1002 3549 1145 3622 nullum
1163 3576 1245 3623 om-

179 3666 269 3740 uino
277 3692 456 3739 assensum
467 3667 617 3741 dederit.
630 3670 746 3766 Super
755 3667 820 3740 hac
834 3667 1056 3741 consessione
1066 3668 1242 3765 judicium

181 3784 384 3885 indagatum
401 3801 472 3874 est,
489 3803 524 3859 et
542 3785 750 3860 censoribus
769 3788 865 3860 inter
880 3812 916 3859 se
929 3785 1065 3859 diversa
1082 3786 1240 3859 sentien-

181 3897 275 3971 tibus
292 3928 357 3999 per
374 3900 494 3998 plures
512 3904 669 3973 inducias
686 3928 797 4001 usque
815 3903 852 3972 in
871 3927 1006 3973 annum
1023 3900 1241 3999 protelatum

180 4030 241 4087 est.
267 4017 404 4089 Interea
422 4016 591 4115 praefatus
614 4017 717 4092 heros
734 4017 827 4116 apud
841 4018 1023 4092 Guentam
1046 4019 1084 4088 in
1102 4043 1241 4091 carcerc

180 4134 268 4231 regis
282 4148 377 4219 erat,
399 4151 434 4206 et
451 4134 633 4207 multoties
650 4151 790 4233 peccata
804 4162 863 4207 suu
877 4134 1049 4225 deflebat,
1067 4162 1148 4235 quae
1169 4133 1241 4206 ibi-
