2910 4980
190 403 397 481 [roto-1078]
568 401 685 463 LIBER
706 400 891 479 QUINTUS.
1199 405 1260 468 305

188 520 415 608 Normannia
439 546 522 592 cum
541 522 679 620 ingenti
706 522 866 621 tripudio
885 521 1056 596 dedicatae
1079 539 1186 615 sunt5
1216 526 1260 598 ad

189 665 279 739 quas
296 665 360 713 rex
373 652 408 712 et
422 639 544 738 regina
558 664 641 711 cum
654 638 738 712 liliis
749 639 821 711 suis
833 638 1021 714 Rodberto
1035 655 1142 740 atque
1154 640 1260 714 Guil-

189 755 302 849 lelmo
310 772 375 845 ,et
390 757 528 856 ingenti
540 753 744 855 frequentia
756 756 973 853 optimatum
990 775 1026 830 et
1040 758 1261 856 populorum

190 871 387 946 affuerunt.
402 873 568 946 Matrices
585 871 741 944 ecclesiae
758 871 961 946 Baiocensis
978 890 1016 946 et
1032 872 1262 948 Ehroicensis

192 989 416 1091 episcopatus
443 1008 480 1064 et
505 989 689 1064 beccensis
716 988 877 1063 coenobii
907 990 1077 1070 dedicatae
1107 1007 1193 1064 suut
1223 994 1261 1065 in

193 1107 335 1183 honore
364 1124 496 1181 sanctae
525 1107 589 1180 Dei
618 1107 802 1206 genitricis
826 1124 862 1181 et
889 1124 1072 1208 perpetuae
1099 1109 1263 1209 Virginis

193 1225 320 1298 Mariae
339 1227 354 1323 (
378 1227 406 1322 ).

243 1340 382 1415 Eodem
398 1360 547 1441 quoque
561 1366 659 1429 anno
677 1341 891 1415 coenobialis
909 1339 1050 1413 basilica
1066 1343 1104 1414 in
1121 1340 1261 1416 honore

194 1464 309 1538 sancti
333 1462 504 1562 Stephani
526 1465 807 1563 protomartyris
828 1464 922 1563 apud
944 1462 1144 1536 Cadomum
1163 1463 1265 1537 dedi·

195 1597 272 1654 csta
291 1595 344 1654 est
366 1580 448 1678 (2);
476 1581 534 1653 cui
558 1607 578 1652 a
604 1608 688 1681 rege
711 1598 747 1655 et
769 1580 981 1682 proceribus
1007 1586 1081 1680 ejus
1107 1582 1266 1681 locuples

193 1696 376 1796 dosatque
383 1695 579 1803 multarum
593 1696 696 1795 copia
708 1722 875 1796 gazarum
886 1695 967 1769 data
981 1711 1035 1771 est
1045 1699 1118 1795 (ὅ).
1130 1699 1267 1771 llarum

193 1812 436 1889 dedicationes
443 1813 671 1887 ecclesiarum
678 1813 860 1889 lohannes
870 1816 1143 1917 Rotomagensis
1152 1813 1268 1889 archi-

195 1930 398 2032 episcopus,
413 1944 450 2004 et
465 1928 674 2029 suffraganei
687 1933 763 2029 ejus
779 1930 936 2029 episcopi
953 1931 1189 2005 Normanniae
1205 1957 1269 2005 sc·

195 2048 364 2124 lemniter
381 2063 551 2148 egerunt3
568 2073 651 2121 cum
667 2045 799 2147 quihus
816 2046 1002 2120 reverendi
1021 2048 1266 2147 metropolitae

195 2164 416 2238 lanfr-auom
434 2180 471 2238 et
485 2164 661 2251 Thomas,
680 2162 839 2251 etmulti
859 2162 1025 2252 abbates,
1045 2179 1082 2238 et
1094 2166 1186 2238 mira
1198 2190 1268 2265 po-

195 2282 366 2383 pulorum
383 2281 581 2356 multitudo
597 2282 793 2356 affuerunt.

241 2398 468 2475 Venerabilis
479 2399 675 2473 Herluinus
685 2396 793 2470 abbas
807 2397 967 2473 dedicata
977 2398 1144 2474 Beccensi
1156 2398 1266 2473 eccle-

196 2517 244 2590 sis
261 2515 364 2588 valde
376 2516 515 2616 gavisus
532 2529 603 2601 est,
619 2516 767 2615 visoque
783 2513 882 2615 quod
897 2513 1128 2589 vehementer
1145 2515 1182 2588 in
1197 2513 1267 2589 hoc

194 2631 328 2706 saeculo
344 2630 621 2719 desideraverat,
636 2630 787 2704 ulterius
806 2632 902 2704 inter
918 2631 1089 2706 mortales
1105 2657 1267 2706 commo-

195 2751 268 2823 rari
285 2748 495 2849 dedignatus
509 2765 574 2823 est.
596 2749 662 2820 llic
679 2774 775 2821 anno
791 2747 992 2821 Dominicae
1010 2748 1268 2822 incarnationis

229 3015 269 3085 (ι)
287 3015 325 3068 La
340 3011 469 3068 dedicaoe
487 3011 524 3067 dc
542 3011 567 3067 la
585 3009 744 3066 cathedrale
756 2997 893 3065 d’Evreux
912 3011 1001 3084 paralt
1014 3012 1091 3066 avoir
1106 3029 1142 3066 eu
1159 3011 1217 3068 lieu
1230 3029 1266 3066 en

199 3101 279 3178 1076.
293 3101 361 3157 celle
373 3100 409 3158 de
420 3101 446 3156 la
458 3099 616 3156 cathedrale
628 3099 663 3155 de
676 3099 785 3172 Bayeux
798 3117 834 3153 en
849 3117 926 3176 1077,
940 3109 969 3154 et
982 3098 1051 3154 celle
1063 3098 1099 3154 de
1108 3098 1213 3172 l'eglise
1224 3099 1265 3155 du

194 3192 249 3249 Rec
261 3191 288 3247 le
301 3189 336 3246 23
349 3191 462 3247 octobre
474 3189 547 3246 dela
559 3189 651 3245 meme
664 3190 761 3243 aunee.
773 3187 855 3243 Cette
866 3187 993 3243 derniere
1004 3188 1047 3242 lut
1059 3187 1125 3242 saite
1135 3206 1186 3261 par
1196 3190 1264 3243 Lan·

195 3280 282 3337 franc.
298 3280 402 3336 Iln’est
412 3299 460 3354 pas
474 3281 531 3335 vrai
545 3297 600 3354 que
609 3279 635 3334 le
647 3279 689 3333 roi
703 3288 732 3333 et
746 3278 772 3332 la
781 3279 858 3332 reine
873 3297 890 3348 y
904 3278 980 3332 aient
990 3277 1095 3331 assiste.

228 3370 270 3441 (α)
287 3369 369 3425 Cette
384 3366 514 3424 dedicare
528 3367 573 3421 fut
587 3367 653 3422 saite
668 3385 719 3439 par
732 3365 923 3438 l’archeveque
939 3366 1007 3420 Jean
1025 3363 1225 3433 d’Avranches,
1240 3364 1266 3420 le

199 3453 231 3514 13
240 3455 397 3530 septembre
413 3473 489 3531 ¹⁰77·

229 3543 270 3617 (3)
288 3545 327 3600 La
340 3544 435 3599 charte
446 3544 484 3597 orl
494 3553 557 3597 sont
566 3541 729 3614 consignees
738 3539 777 3594 les
791 3538 938 3593 donatione
951 3537 990 3592 du
1003 3537 1045 3592 roi
1055 3538 1145 3606 (Gall.
1162 3537 1264 3593 Christ.

196 3651 257 3702 sisi,
272 3636 402 3688 instrum.
423 3633 490 3687 eccl.
505 3631 615 3704 Bajoc„
631 3648 656 3683 c.
670 3627 721 3699 66)
733 3638 776 3682 est
786 3627 944 3682 anterieure
962 3624 998 3681 de
1011 3625 1147 3698 plusieurs
1165 3627 1266 3682 moise

195 3722 380 3790 ladedicace,
399 3720 563 3796 puisqu’elle
576 3733 656 3793 porte
671 3719 697 3773 la
712 3718 896 3790 souscriptiou
909 3716 943 3771 de
960 3717 1094 3790 Hugues,
1113 3716 1217 3791 eveqne
1230 3717 1265 3772 de

196 3815 320 3882 bisnai,
336 3814 385 3888 qui
403 3823 519 3867 mourut
535 3810 561 3868 le
580 3830 612 3886 17
626 3809 720 3883 juillet
735 3807 895 3883 precedent.
914 3807 989 3865 Celle
1005 3809 1054 3881 qui
1072 3808 1210 3862 renlerme
1226 3808 1265 3862 les

195 3905 346 3962 liberalites
357 3904 406 3960 des
419 3905 562 3976 seigneurs
571 3899 822 3969 normands(t'bid.,
836 3917 860 3954 c.
873 3905 939 3974 72),
950 3909 992 3954 est
1002 3916 1038 3953 au
1049 3898 1188 3953 contraire
1199 3916 1264 3971 pos-

195 3997 318 4052 terieure
330 3994 365 4050 de
378 3995 517 4069 plusieurs
527 3995 637 4048 annees.
653 3991 837 4058 Neanmoins,
852 3989 878 4042 la
890 3990 1027 4062 premiere
1039 3988 1173 4043 donation
1187 3991 1265 4063 quiy

198 4086 287 4160 figure
296 4096 338 4140 est
350 4088 493 4159 presentes
506 4100 613 4139 comme
630 4092 712 4155 ayant
723 4079 838 4135 d’abord
851 4083 896 4135 ete
914 4081 980 4135 saite
997 4090 1078 4134 avant
1096 4090 1168 4135 cette
1186 4079 1264 4135 dedi-

198 4194 274 4242 csoe,
288 4177 352 4248 puis
364 4174 482 4248 deposee
495 4191 542 4230 sur
554 4172 648 4228 l'autel
659 4172 684 4227 le
693 4172 760 4244 jour
772 4170 808 4226 de
820 4169 846 4225 la
860 4170 1028 4224 ceremonie.

272 4288 313 4335 11.
1073 4282 1118 4327 20
