2910 4980
188 444 298 521 μου]
559 443 678 504 arnna
699 442 885 519 Qurrrus.
1199 448 1255 508 311

188 559 351 652 editum,
385 562 422 634 in
454 562 594 635 laminis
623 562 725 661 cupri
754 562 883 636 litteris
912 563 1026 636 aureis
1054 563 1103 635 sic
1132 589 1259 638 exara-

191 695 272 753 tum
291 694 360 754 est.

333 847 387 903 llic
396 846 472 919 jacet
482 847 567 922 Ilugo
580 849 753 904 uxamensis
763 848 854 904 clarus
869 849 976 905 honore

332 937 526 1006 Pontificatus,
541 937 644 994 nobilis
657 957 733 1014 eque
747 939 883 1014 sanguine
892 951 1013 1014 patrum.

332 1027 468 1084 Preditus
476 1028 552 1084 idem
563 1039 708 1085 stemmate
719 1048 831 1086 morum
844 1048 902 1086 non
914 1032 974 1087 sine
985 1030 1053 1087 bino

334 1119 451 1174 Munere
461 1136 572 1187 sensus,
587 1118 723 1192 religione
735 1119 942 1193 glorificandus.

333 1205 480 1261 Transitus
493 1206 552 1278 ejus
566 1224 631 1280 rege
644 1206 791 1282 Philippo,
806 1218 867 1263 tum
880 1207 1029 1264 Gilielrnus

334 1292 393 1348 Rex
404 1304 465 1350 erat
477 1294 600 1366 Augias,
616 1294 679 1352 luce
693 1297 820 1370 sequenti
832 1295 956 1351 Phoebus
968 1295 1049 1351 inivit

334 1382 420 1456 Signa
429 1384 543 1453 leonis,
555 1382 605 1439 det
616 1384 691 1440 Deus
701 1385 747 1440 isti
761 1383 861 1458 gaudia
873 1384 943 1441 coeli.
954 1386 1054 1441 Amen.

241 1536 299 1610 Ad
313 1540 512 1639 regendum
525 1541 787 1615 buxeriensem
798 1541 1030 1642 praesulatum
1044 1538 1266 1616 Gislebertus

192 1672 441 1754 cognomento
457 1656 677 1731 Maminotus
685 1711 697 1745 ,
716 1657 809 1758 regis
822 1657 1000 1731 archiater
1016 1672 1053 1730 et
1065 1657 1267 1756 capellanus

192 1771 328 1845 electus
355 1789 431 1864 est,
455 1789 491 1846 et
515 1771 534 1846 ir
558 1773 732 1848 Michaele
754 1773 1007 1847 Abrincatensi
1031 1775 1200 1875 episcopo
1228 1773 1268 1845 in

192 1891 384 1990 praesentia
398 1888 524 1967 domni
542 1890 716 1965 lobannis
730 1892 988 1992 archiepiscopi
1013 1892 1093 1992 (qui
1106 1893 1202 1990 jam,
1226 1905 1268 1963 ut

191 2004 370 2095 diximus,
389 2005 643 2106 obmutuerat)
663 2023 890 2081 consecratus
911 2024 977 2083 est.
1000 2008 1067 2080 llic
1081 2006 1177 2078 filius
1193 2008 1267 2080 Ro-

192 2121 289 2198 berti
307 2123 351 2198 de
362 2125 581 2224 Curvaspina
596 2126 800 2223 (1)strenui
814 2124 939 2197 militis
953 2123 1039 2216 fuit,
1055 2124 1267 2197 xx111annis

193 2242 441 2342 episcopatum
456 2244 594 2335 tenuit,
609 2257 646 2317 et
657 2242 826 2317 Ecclesiae
839 2269 896 2318 res
908 2257 1077 2341 potenter
1088 2239 1263 2316 obtinuit.

192 2357 293 2430 Artis
317 2355 506 2432 medicinae
523 2358 761 2457 peritissimus
778 2374 874 2446 erat,
894 2356 955 2430 sed
976 2356 1207 2456 semetipsum
1226 2355 1267 2428 in

191 2474 408 2573 pontificatu
437 2502 624 2576 nunquam
652 2476 734 2548 satis
764 2500 890 2549 curare
916 2489 1073 2574 poterat.
1108 2473 1265 2547 Scientia

192 2590 398 2665 litterarum
416 2605 452 2664 et
468 2590 635 2664 facundia
649 2589 831 2691 pollebat,
850 2590 986 2664 divitiis
1003 2605 1040 2664 et
1052 2588 1188 2664 deliciis
1202 2589 1265 2661 in-

191 2705 399 2782 desinenter
413 2705 598 2797 affluebat,
617 2709 779 2809 propriae
794 2708 973 2782 voluntati
990 2723 1027 2781 et
1038 2706 1155 2779 carnis
1168 2731 1265 2779 curae

192 2821 302 2895 nimis
315 2819 504 2896 serviebat.
522 2822 607 2898 Otio
623 2838 659 2896 et
674 2823 787 2923 quieti
806 2823 941 2895 affatim
958 2821 1144 2913 studebat,
1157 2820 1267 2894 ludis·

191 2949 264 3041 q'ue
277 2939 435 3013 alearum
453 2956 489 3013 et
505 2955 721 3013 tesserarum
744 2938 958 3040 plerumque
979 2938 1202 3040 indulgebat.
1222 2940 1264 3011 ln

191 3054 294 3130 cultu
306 3055 545 3130 ecclesiastico
557 3071 633 3130 erat
647 3057 749 3156 piger
760 3072 797 3130 et
809 3055 1016 3158 negligens,
1032 3054 1093 3128 sed
1104 3053 1148 3127 ad
1162 3081 1266 3129 vena-

191 3188 294 3263 tum,
313 3176 507 3276 aviumque
525 3190 710 3275 capturam
724 3192 916 3276 promptus
929 3191 965 3249 et
978 3173 1087 3246 nimis
1104 3172 1260 3246 fervens.

192 3288 432 3363 secularibus
449 3292 569 3392 itaque
585 3292 765 3401 exercitiis
781 3306 817 3366 et
835 3288 974 3362 actibus
991 3288 1091 3362 omni
1109 3289 1183 3360 vita
1200 3313 1263 3359 sua

193 3406 352 3493 inbaesit,
366 3409 464 3481 etsie
477 3433 589 3508 usque
600 3408 644 3481 ad
653 3408 872 3509 decrepitam
885 3422 1028 3480 aetatem
1038 3405 1143 3478 vixit.
1156 3405 1262 3477 Plura

193 3522 237 3598 de
260 3521 400 3596 actibus
425 3528 500 3624 ejus
524 3523 681 3599 scribere
706 3550 872 3624 possum,
900 3523 961 3597 sed
986 3521 1147 3621 reprimo
1170 3520 1264 3593 cala-

192 3664 294 3711 mum
302 3692 314 3728 ,
327 3639 410 3738 quia
422 3638 468 3711 ab
480 3640 557 3740 ipso
566 3638 610 3711 ad
621 3638 896 3713 subdiaconatus
905 3637 1054 3737 gradum
1069 3662 1153 3708 eum
1165 3636 1261 3723 aliis,

193 3769 237 3826 nt
252 3756 399 3853 opinor,
418 3755 498 3855 plus
514 3783 624 3856 quam
641 3757 811 3830 trecentis
830 3769 1022 3857 promotus
1044 3780 1138 3827 sum.
1156 3750 1262 3826 Unde

194 3872 289 3946 sieut
300 3871 465 3973 quaedam
477 3872 521 3947 de
536 3873 599 3948 illo
615 3873 751 3972 protuli
767 3871 1081 3974 reprehensibilia,
1097 3872 1148 3945 sic
1160 3869 1263 3945 decet

230 4201 270 4271 (r)
288 4199 482 4275 Courbepine,
497 4205 561 4276 pres
573 4202 682 4260 bernai.
