2910 4980
189 405 398 485 [ists-ins]
554 402 671 467 treus
690 403 880 481 Questus.
1194 408 1255 467 sss

189 524 435 599 anachoritam
450 523 487 596 in
501 522 591 596 albis
603 522 760 598 nitentes
770 537 882 596 astare
895 547 1015 596 secum
1024 521 1132 596 videt.
1146 523 1257 623 Apos-

191 642 288 718 tolus
297 666 397 728 vero,
407 656 449 712 ut
459 639 661 733 videbatur,
672 655 781 741 eaput
789 639 933 712 comitis
946 642 1090 738 corpori
1102 639 1255 714 redinte-

191 773 335 858 gratum
344 756 533 854 accipiens,
545 753 684 829 dicebat
697 787 706 826 ε
719 755 930 857 Aceplsalus
942 783 1014 826 non
1024 772 1090 828 est.
1098 756 1256 829 Econtra

193 873 408 963 Guthlacus‚
427 873 490 972 qui
509 872 552 944 ad
562 871 667 971 pedes
685 856 820 964 stabat,
838 872 1025 971 respondit
1040 905 1049 944 :
1064 875 1189 947 Comes
1200 874 1257 948 tie

183 988 277 1090 fuit.
292 989 485 1088 Apostolus
496 1004 616 1061 autem
633 988 837 1087 incoeptum
847 987 1063 1062 Monadicon
1075 991 1126 1062 sic
1138 989 1258 1090 perfe-

195 1108 263 1179 cit:
279 1111 332 1180 At
341 1105 522 1179 madorem
534 1120 600 1177 est.
613 1103 732 1177 Abbas
745 1105 798 1177 his
809 1105 939 1177 auditis
951 1121 987 1178 et
999 1107 1119 1180 relatis
1130 1107 1258 1181 fratres

195 1223 407 1311 laetificavit,
422 1223 691 1321 Dominamque
704 1223 818 1294 Deum
831 1220 1064 1320 glorifieavit,
1077 1225 1140 1321 qui
1157 1225 1258 1296 omni

197 1357 358 1440 tempore
376 1337 603 1425 credentibus
626 1337 664 1408 in
684 1364 720 1410 se
739 1339 968 1411 clementiam
991 1365 1090 1411 suam
1115 1340 1262 1438 impen-

195 1460 278 1532 dere
293 1482 368 1530 non
383 1455 519 1529 desistit
534 1456 601 1554 (t).
618 1454 881 1528 consummatis
896 1457 933 1529 in
947 1457 1122 1557 regimine
1136 1482 1186 1531 xv
1199 1484 1262 1529 an-

195 1573 271 1660 nis,
297 1569 519 1645 venerandus
544 1569 653 1642 abbas
674 1585 711 1642 et
738 1569 899 1644 sacerdos
921 1571 1129 1645 Goislredus
1148 1598 1262 1647 nonas

192 1689 288 1789 junii
318 1685 434 1776 obiit3
464 1688 520 1759 cui
549 1686 740 1759 Guallevus
764 1685 983 1788 Angligenn,
1010 1687 1262 1762 crulandensis

196 1804 358 1880 coenobii
377 1801 592 1892 monachus,
611 1803 724 1876 frater
739 1803 951 1903 Gospatritii
971 1806 1051 1904 (a),
1071 1805 1115 1879 de
1136 1833 1263 1907 magna

196 1918 388 1994 nobilitate
414 1917 636 2018 Anglorum,
668 1918 848 1991 successit.
878 1918 1060 1992 Miraculis
1087 1920 1265 2020 siquidem

195 2035 402 2111 Crulandioe
429 2031 761 2122 crebrescentibus,
791 2035 959 2108 monachi
985 2039 1091 2135 gavisi
1115 2053 1201 2111 sunt
1228 2055 1265 2112 et

170 2135 175 2144 ⁸
196 2153 290 2227 tanti
308 2151 450 2225 comitis
469 2175 600 2250 corpus
617 2175 686 2249 pro
704 2175 807 2250 posse
824 2176 888 2222 suo
902 2166 1086 2251 gratamm
1104 2151 1266 2228 honora-

196 2284 350 2356 vertmt,
370 2282 406 2340 et
422 2266 531 2338 Vitali
554 2265 768 2366 Angligenae
790 2265 951 2339 versibus
974 2266 1126 2341 heroicis
1149 2271 1265 2369 epita·

194 2381 325 2483 phium
344 2385 417 2482 ejus
435 2381 538 2454 edere
556 2385 752 2480 jusserunt.
774 2381 860 2452 Mox
886 2379 944 2454 ille
964 2383 1070 2480 jussis
1089 2385 1210 2484 paruit
1229 2401 1265 2458 et

196 2496 309 2573 corde
319 2496 492 2579 meditata
511 2496 562 2568 sic
580 2520 643 2569 ore
662 2495 840 2594 protulit:

340 2673 382 2728 En
394 2672 465 2746 tegit
476 2673 528 2726 iste
538 2671 606 2745 lapis
619 2672 762 2727 hominem
775 2690 880 2747 magnae
891 2671 1051 2746 probitatis!

337 2763 484 2836 Danigenae
495 2763 604 2817 comitis
616 2762 734 2818 Siwardi
748 2762 821 2818 filius
832 2762 938 2832 audax,

339 2850 481 2906 Wsllevus
491 2868 584 2907 comes
599 2854 716 2907 eximius
724 2852 798 2924 jacet
811 2853 858 2908 hic
872 2853 1033 2910 tumulatus.

338 2942 418 2998 Vixit
426 2942 618 3010 honorandus,
632 2944 716 2998 armis
729 2944 884 3019 animisque
895 2944 1037 3000 timendus
1050 2970 1058 3008 ;

339 3031 374 3086 Et
385 3042 479 3086 tamen
491 3032 564 3086 inter
573 3050 639 3105 opes
651 3031 847 3106 corruptibiles
858 3043 887 3088 et
900 3034 1020 3089 honores

340 3121 482 3177 Christum
497 3120 607 3190 dilexit,
621 3123 791 3197 Christoque
804 3122 914 3196 placere
927 3125 1036 3198 sategit.

338 3211 489 3267 Ecclesiam
503 3211 603 3280 coluit,
617 3211 721 3268 clerum
737 3223 895 3268 reverenter
907 3215 1022 3281 amavit,

339 3301 478 3374 Praecipue
491 3301 641 3357 monachos
653 3301 856 3358 Crnlandenses
869 3303 922 3356 sihi
937 3302 1012 3358 fidos.

338 3389 465 3464 Denique
474 3389 617 3462 judicibus
628 3391 795 3446 Normannis
807 3409 872 3446 ense
884 3402 1056 3464 peremptus,

338 3479 412 3534 Luce
425 3477 476 3534 suh
490 3490 613 3535 extrema
625 3480 690 3535 maii
699 3478 737 3552 (5)
751 3480 822 3553 petit
833 3480 949 3535 artubus
962 3498 1033 3535 arva.

231 3728 271 3800 (t)
287 3725 370 3783 Cette
387 3727 474 3781 vision
489 3726 523 3781 de
541 3726 630 3781 l’ahhe
647 3724 773 3781 Geoffroi
792 3737 835 3782 est
854 3727 981 3781 racontee
1000 3744 1118 3803 presque
1136 3726 1203 3782 dans
1223 3728 1262 3784 les

200 3815 303 3872 mes
316 3826 431 3882 termes,
445 3826 473 3871 et
488 3815 643 3889 cependant
655 3833 718 3870 avec
730 3814 864 3889 quelques
877 3814 1077 3871 circonstances
1087 3815 1258 3887 differentes,

201 3924 249 3978 par
259 3906 358 3960 Pierre
370 3905 405 3960 de
416 3905 503 3974 Blois,
519 3906 713 3962 continuateur
724 3904 902 3980 d’lngulphe.
924 3896 982 3962 Elle
995 3908 1152 3980 appartient
1163 3910 1179 3962 a
1190 3908 1261 3963 l'an-
1305 3901 1307 3906 ¹

200 3999 251 4053 nee
267 4013 349 4065 1112,
361 3997 432 4052 ainsi
445 4015 499 4072 qne
511 3997 537 4053 le
547 3996 701 4052 chitiment
713 3995 813 4052 celeste
825 3996 921 4071 inllige
932 4015 968 4052 an
980 3998 1073 4051 moine
1083 3996 1189 4052 Audin.

235 4087 275 4154 (a)
289 4084 451 4158 Gcspatric,
466 4095 556 4140 comte
572 4084 607 4140 de
619 4083 835 4154 Nerthumbrie‚
848 4086 926 4158 apres
938 4084 964 4139 le
978 4094 1101 4140 meurue
1114 4084 1149 4141 de
1165 4087 1258 4160 Copsi.

234 4172 274 4247 (5)
285 4175 368 4231 Cette
380 4174 442 4230 date
462 4187 504 4231 est
519 4186 620 4230 exacte.
635 4176 711 4232 Ona
732 4176 812 4248 peine
832 4179 846 4229 l
862 4177 1005 4230 concevoir
1024 4187 1163 4231 comment
1182 4189 1262 4233 notre

241 4298 246 4309 ·
273 4293 315 4339 u.
1075 4294 1116 4365 19
