2910 4980
189 413 297 492 [1071]
488 415 492 423 ’
535 409 671 474 'claun
693 413 884 490 orsurus.
1198 420 1258 479 en

191 533 413 607 Normannis
433 547 470 604 et
494 534 640 608 Francis
664 549 766 608 ortus
792 550 865 622 est,
883 535 948 635 qui
975 559 1058 607 eum
1080 537 1179 609 velut
1199 563 1259 611 so-

193 651 290 723 cium
308 676 369 724 seu
387 665 580 749 cognatum
606 677 687 723 cum
704 651 833 723 >multis
855 649 1002 725 lletibus
1024 651 1256 750 planxerunt.

192 765 286 838 Nam
316 764 410 838 idem
444 765 510 861 (ut
542 791 649 864 supra
680 767 817 838 dictum
850 768 926 863 cst)
955 765 1073 840 luerat
1102 794 1144 840 ex
1175 768 1258 841 reli·

191 885 287 984 glosa
306 882 485 982 parentela
498 898 623 973 natus,
642 883 838 982 multisque
852 883 958 958 bonis
973 882 1132 970 deditus,
1149 899 1259 983 prout

191 1014 334 1098 poterat
353 1000 448 1072 inter
467 1013 563 1070 tanta
582 998 806 1071 saecularium
821 1024 989 1071 curarum
1004 999 1259 1097 impedimenta

191 1118 343 1216 positus.
359 1117 498 1216 Corpus
514 1114 783 1216 pulchritudine
798 1117 836 1189 in
852 1117 977 1191 multis
990 1114 1151 1188 millibus
1167 1117 1261 1189 emi-

192 1234 319 1323 nebat,
337 1251 375 1309 et
391 1234 606 1307 clericorum
622 1249 731 1334 atque
745 1232 1026 1322 monachorum,
1044 1259 1259 1333 pauperum·

191 1378 263 1452 que
275 1352 453 1454 benignus
465 1366 604 1425 amator
617 1367 706 1424 erat.
719 1353 790 1425 Rex
804 1368 925 1425 autem
935 1351 1149 1426 Guillelmus
1163 1378 1260 1426 com·

191 1483 293 1566 perta
317 1466 543 1567 proditione,
561 1493 635 1567 qua
659 1493 753 1567 saepe
775 1467 868 1540 fatus
890 1469 1109 1541 Marciorum
1134 1468 1261 1540 consul

191 1584 365 1683 perierat,
385 1585 516 1684 pietate
533 1599 653 1657 motus
673 1582 794 1673 flevit,
816 1602 852 1658 et
867 1584 1093 1685 proditores,
1111 1585 1173 1685 qui
1192 1611 1260 1685 pro

190 1697 313 1772 favore
326 1698 420 1770 illius
433 1700 464 1772 ei
479 1716 588 1798 caput
599 1698 738 1773 domini
753 1702 806 1774 sui
820 1698 1050 1789 deserebant,
1065 1726 1207 1774 severus
1221 1701 1259 1772 in

191 1815 337 1888 exilium
357 1815 508 1914 expulit.

190 1973 192 1979 =
240 1933 320 2004 Huc
330 1932 733 2032 usque(1)Guillelmus
744 1936 950 2008 Pictaviuus
962 1933 1149 2009 historiam
1161 1961 1261 2007 suam

193 2050 327 2135 texuit,
349 2048 386 2120 in
410 2075 480 2148 qua
497 2048 681 2123 Guillelmi
700 2067 795 2151 gesta
815 2051 946 2150 (Crispi
971 2050 1114 2123 Salustii
1136 2050 1261 2122 stilum

194 2167 372 2262 imitatus)
391 2165 573 2241 subtiliter
596 2185 632 2241 et
652 2168 865 2268 eloquenter
887 2168 1088 2242 enucleavit
1105 2168 1171 2266 (2).
1195 2168 1262 2239 Hic

192 2310 323 2385 genere
344 2285 594 2372 Normannus,
618 2285 662 2359 de
686 2287 766 2360 rico
786 2286 995 2360 Pratcllensi
1017 2286 1109 2374 fuit,
1136 2282 1262 2383 ibique

194 2429 377 2491 sororem,
396 2430 478 2504 quae
496 2405 533 2475 in
552 2405 772 2478 monasterio
788 2406 826 2476 S.
847 2403 1054 2504 leodegarii
1073 2404 1262 2476 sanctimo-

194 2516 350 2591 nialibus
364 2535 536 2619 praeerat,
554 2516 697 2603 habuit,
709 2521 913 2593 Pictavinus
928 2535 1047 2593 autem
1060 2517 1176 2590 dictus
1190 2534 1260 2606 est,

195 2637 278 2735 quia
293 2637 445 2709 Pictavis
458 2637 561 2711 fonte
576 2636 828 2736 philosophico
843 2636 1001 2710 ubertim
1017 2632 1176 2707 imbutus
1194 2649 1259 2707 est.

194 2753 369 2836 Reversus
383 2752 425 2825 ad
440 2780 521 2828 suos
538 2753 710 2828 omnibus
725 2755 853 2827 vicinis
865 2769 902 2826 et
914 2750 1165 2829 consoledibus
1180 2750 1263 2824 doc-

191 2867 269 2942 -tior
296 2869 448 2959 enituit,
472 2885 508 2943 et
537 2871 772 2944 chovienses
796 2870 981 2970 episcopos
1005 2870 1196 2967 Hugonem
1226 2881 1262 2940 et

196 2984 436 3060 Gislebertum
466 2985 772 3062 archidiaconatus
800 2988 918 3061 officio
948 2988 985 3059 in
1019 2984 1262 3059 ecclesiasticis

195 3099 303 3175 rebus
319 3102 466 3202 adjuvit.
485 3106 528 3176 ln
544 3102 650 3176 rebus
671 3102 809 3176 bellicis
831 3083 915 3177 ante
934 3101 1142 3176 clericatum
1161 3125 1263 3198 asper

225 3374 266 3445 (ι)
283 3373 315 3429 Si
325 3373 350 3427 le
363 3374 433 3428 recit
444 3373 480 3428 de
492 3373 653 3430 Guillaume
660 3374 696 3430 de
705 3374 823 3429 Poitiers
832 3371 977 3427 s'etendait
985 3372 1087 3445 jusque
1099 3370 1137 3438 u,
1154 3388 1262 3425 comme

196 3460 216 3515 il
230 3473 274 3519 est
293 3463 454 3537 impossible
471 3463 539 3521 d'en
557 3463 659 3520 douter
672 3464 780 3537 d'apres
798 3461 981 3517 l’affirmation
998 3461 1033 3515 de
1052 3472 1134 3516 notre
1150 3470 1260 3529 auteur,

195 3552 577 3633 uueporticugnotableunous
586 3572 621 3608 en
635 3572 769 3628 manquc,
780 3572 837 3620 car,
853 3552 921 3606 dans
931 3568 981 3606 eon
991 3553 1049 3606 etat
1059 3550 1095 3606 de
1104 3549 1261 3606 mutilation

196 3642 300 3712 actuel,
314 3641 335 3698 il
349 3636 462 3701 s’arrete
471 3661 506 3699 au
519 3654 643 3699 meurtre
655 3643 691 3698 de
702 3643 796 3718 Copsi.

226 3734 268 3805 (α)
284 3733 407 3798 Preaux,
424 3731 744 3807 preePout-Audemer.
760 3733 801 3789 Ce
816 3732 873 3789 lieu
888 3732 977 3786 forme
990 3731 1063 3786 deux
1075 3748 1237 3785 communes
1253 3754 1258 3783 :

196 3820 556 3881 Neue-Dame-deereaux
568 3834 597 3879 et
608 3821 991 3880 saint-Michet-deupreaux.
1006 3821 1138 3892 L'abbaye
1152 3819 1261 3875 d'hom·

194 3910 300 3966 meede
315 3910 503 3969 saint-Pione
521 3913 589 3966 etait
605 3913 694 3968 situee
712 3929 761 3967 sur
773 3911 801 3967 le
813 3912 956 3968 territoiie
968 3911 1005 3966 de
1022 3911 1047 3965 la
1066 3910 1217 3984 premiere,
1233 3920 1262 3964 ct

195 3994 317 4071 l’abhaye
328 3987 364 4054 de
373 3988 489 4055 lemures
497 4000 533 4055 de
541 3999 722 4074 saint-Leger
733 4017 781 4057 sur
792 4000 864 4055 celui
875 3998 944 4056 dela
955 3998 1081 4056 seconde.
1096 3998 1133 4052 La
1144 4015 1218 4051 soeur
1227 3997 1262 4051 de

196 4082 355 4141 Guilleume
374 4087 409 4140 de
423 4088 554 4156 Poitiers,
573 4089 710 4161 premiere
727 4087 840 4145 abbeeee
858 4087 894 4143 de
911 4087 1103 4159 Sciat-begar,
1122 4086 1263 4158 s’appclait

198 4173 301 4231 Enima.
