2910 4980
189 365 297 443 [1050]
561 362 677 425 LIBER
698 362 875 425 TERTIUS.
1216 371 1254 429 19

190 482 464 570 archidiacono,
485 482 634 584 aliisque
650 484 788 558 clericis
806 484 876 557 suia
886 537 896 572 ‚
912 484 1056 557 Utieum
1075 491 1254 587 perrexit,

192 614 230 671 et
246 595 488 673 venerabilem
500 597 739 674 'leoderinam
758 596 981 674 coenobitam
997 624 1117 674 secum
1133 601 1256 694 duxit,

194 740 350 816 eumque
367 713 418 789 ibi
436 731 494 787 111⁰
515 740 629 791 nonas
645 714 806 791 octobris
824 714 884 791 die
900 718 1093 794 Dominico
1111 746 1258 794 venera·

196 832 320 907 biliter
330 834 564 908 consecravit.
580 832 774 920 Ordinatur
784 848 906 911 autem
916 837 1043 910 nonin
1057 837 1260 937 superbiam

198 948 311 1023 elatus
324 964 390 1038 est,
404 949 466 1023 sed
477 949 662 1050 religipuis
675 950 771 1047 viam
779 950 899 1025 verbis
913 967 950 1024 ct
962 952 1134 1055 operibus
1147 970 1262 1028 osten·

198 1062 307 1140 debat
322 1064 391 1157 his,
406 1065 538 1167 quihus
553 1066 722 1168 praelatus
737 1084 801 1140 est.
815 1068 883 1143 llic
898 1070 1074 1143 nimirum
1089 1071 1135 1142 ab
1149 1071 1264 1145 infan-

201 1186 251 1258 tia
268 1186 307 1259 in
320 1182 433 1259 domo
443 1184 591 1261 Domini
608 1186 770 1259 nutritus
786 1185 924 1276 fuerat,
939 1187 1154 1289 diutinoque
1170 1190 1266 1264 sedi-

201 1303 302 1375 mine
326 1299 527 1400 religiosam
552 1302 663 1373 vitam
684 1303 820 1401 jugiter
844 1300 974 1376 ducere
1006 1302 1191 1378 didicerat.
1224 1308 1266 1378 ln

203 1418 334 1491 sanctis
358 1417 585 1493 orationibus
613 1433 722 1517 atque
752 1418 884 1517 vigiliis
913 1444 1057 1493 necnon
1079 1421 1126 1494 in
1152 1417 1268 1493 absti-

205 1536 328 1611 nentia
341 1535 499 1609 assiduus
513 1549 603 1611 erat.
614 1534 834 1634 frigoribus
849 1536 958 1609 etiam
970 1536 1010 1608 in
1023 1552 1167 1611 tautum
1184 1564 1271 1612 cor·-

205 1677 277 1750 pus
291 1651 483 1751 proprium
499 1649 697 1753 affligebat,
713 1665 757 1722 ut
771 1676 838 1750 per
850 1665 964 1726 totam
980 1651 1173 1753 aliquando
1191 1653 1272 1727 hie·

207 1792 303 1841 mem
330 1768 407 1842 sine
433 1764 573 1866 pellicia
601 1782 842 1868 permaneret.
875 1766 1038 1862 Quadam
1068 1769 1189 1870 itaque
1215 1768 1273 1842 die

207 1882 296 1955 dum
324 1882 521 1957 secuudum
547 1909 691 1958 morem
718 1899 933 1959 consuetum
960 1883 1029 1956 sibi
1060 1885 1275 1959 sacrificium

209 1999 287 2072 Deo
306 1999 436 2073 offerre
456 1996 648 2087 voluisset,
668 1997 849 2098 pelliciam
871 1998 956 2072 miri
981 1999 1146 2074 candoris
1169 2026 1277 2100 super

210 2118 320 2189 altare
335 2115 653 2215 positaminrenit.
670 2114 786 2207 Quam
798 2140 874 2189 non
888 2114 1057 2188 manibus
1068 2115 1274 2207 hominum,

213 2231 273 2306 sed
291 2232 501 2333 angelorum
524 2230 597 2304 illie
616 2257 694 2313 eam
712 2256 787 2306 esse
806 2232 963 2330 positum
983 2257 1061 2304 non
1082 2231 1253 2309 dtlbitans
1264 2286 1276 2323 ,

214 2351 293 2424 Deo
305 2349 434 2450 gratias
446 2350 539 2448 egit,
553 2365 590 2423 et
605 2347 752 2421 indutus
764 2373 841 2421 eam
856 2348 1079 2449 gratulanter
1089 2351 1279 2427 servitium

213 2465 381 2555 divinum,
393 2466 545 2566 peregit.
564 2467 644 2541 Hoc
659 2465 709 2539 ita
721 2479 869 2564 ‘gestum
887 2463 998 2540 fnisse
1020 2466 1058 2538 in
1071 2454 1282 2542 (lemmeti-

217 2586 313 2660 censi
330 2584 493 2674 ecclesia,
513 2581 601 2657 dum
617 2578 733 2655 adhuc
748 2580 946 2655 claustralis
961 2597 1054 2657 esset
1067 2582 1279 2674 monachus,

217 2729 236 2774 a
254 2700 440 2776 monachis
456 2696 653 2787 veracibus,
672 2697 735 2798 qui
753 2713 841 2769 tunc
858 2697 896 2770 in
913 2694 1119 2796 supradicta
1136 2725 1284 2773 monas-

222 2819 314 2892 terio
330 2815 581 2903 morabantur,
601 2813 813 2887 audirimus.
833 2813 939 2887 Hunc
954 2810 1167 2888 venerabilis
1184 2817 1285 2890 Teo-

132 2996 136 3005 .
220 2932 383 3027 derisus,
414 2931 706 3005 Gemmeticeusis
736 2927 846 3003 abbas
872 2929 946 3027 (1),
977 2928 1037 3007 de'
1050 2958 1151 3007 sacro
1179 2932 1284 3007 fonte

223 3050 419 3138 levaverat,
436 3064 473 3123 et
484 3048 553 3120 snb
568 3044 763 3123 monachili
776 3047 864 3148 jugo
875 3046 1048 3122 inuclrola
1058 3046 1190 3123 Christi
1203 3049 1286 3124 edu·

223 3183 344 3239 catum
359 3164 518 3239 multum
534 3163 721 3240 dilexerat.
739 3164 877 3256 Quem,
893 3161 983 3239 dnm
999 3152 1094 3240 idem¹
1109 3166 1154 3238 ad
1171 3165 1287 3242 robur

223 3284 329 3357 virile
349 3283 519 3372 venisset,
540 3281 718 3382 bonipqne
740 3278 904 3357 moribus
924 3280 1152 3357 laudabiliter
1174 3284 1286 3383 polle·

224 3417 302 3493 ret,
319 3400 495 3486 vicarium
506 3400 568 3475 ¹sui
582 3382 841 3489 adnnimarnm
854 3399 1138 3475 lucrafratribus
1155 3403 1286 3473 consti·

230 3709 314 3766 1077,
326 3688 396 3744 tuit
407 3686 449 3743 lile
458 3686 494 3743 de
503 3676 682 3756 Gnlllanme,
696 3696 787 3741 comte
799 3684 870 3740 d’Eu
882 3696 911 3741 et
922 3684 958 3740 de
967 3684 1119 3752 tescelina,
1134 3683 1288 3745 loadatricc

226 3781 267 3836 du
279 3786 398 3835 convent
417 3772 453 3833 de
471 3774 809 3833 saint-Pierre-sur-Dive.
820 3774 909 3830 Notre
926 3783 1025 3830 auteur
1035 3774 1107 3831 ecrit
1118 3771 1288 3831 indifflrern-

229 3880 309 3927 ment
319 3870 500 3927 &soriensis
512 3877 541 3925 et
551 3869 738 3924 Luxoviensis
745 3909 752 3935 ‚
769 3883 875 3923 comme
893 3866 929 3921 W
928 3867 1047 3922 illelmus
1060 3875 1088 3920 et
1106 3863 1144 3920 W
1141 3865 1275 3922 illennr'ts.

266 3961 306 4031 (1)
322 3952 620 4033 Thierri,'origincire
638 3960 673 4013 de
694 3958 778 4030 Dijou
790 3966 819 4011 et
830 3954 945 4031 disciple
956 3956 995 4010 du
1009 3954 1291 4013 bienheureuxGuil-

231 4049 333 4115 laurae,
340 4047 385 4101 lut
395 4045 464 4101 abbe
476 4044 510 4099 de
523 4046 664 4118 Jumieges
676 4044 773 4119 depuis
786 4047 851 4110 rorl
860 4044 969 4118 jusqu'l
981 4043 1006 4098 la
1019 4043 1056 4098 fin
1069 4043 1104 4098 de
1121 4061 1197 4118 1027,
1206 4060 1243 4100 ou
1255 4060 1291 4096 au

232 4143 470 4192 mmmenoemeut
481 4132 516 4186 de
533 4132 608 4188 1028.
