<?xml version="1.0" encoding="UTF-8"?>
<!DOCTYPE html PUBLIC "-//W3C//DTD XHTML 1.0 Transitional//EN"
    "http://www.w3.org/TR/xhtml1/DTD/xhtml1-transitional.dtd">
<html xmlns="http://www.w3.org/1999/xhtml" xml:lang="en" lang="en">
 <head>
  <title>
</title>
<meta http-equiv="Content-Type" content="text/html;charset=utf-8" />
  <meta name='ocr-system' content='tesseract 3.04.00' />
  <meta name='ocr-capabilities' content='ocr_page ocr_carea ocr_par ocr_line ocrx_word'/>
</head>
<body>
  <div class='ocr_page' id='page_1' title='image "./ordericivitalis01deligoog_0325.png"; bbox 0 0 2910 4980; ppageno 0'>
   <div class='ocr_carea' id='block_1_1' title="bbox 190 417 1260 498">
    <p class='ocr_par' dir='ltr' id='par_1_1' title="bbox 190 417 1260 498">
     <span class='ocr_line' id='line_1_1' title="bbox 190 417 1260 498; baseline 0.003 -19"><span class='ocrx_word' id='word_1_1' title='bbox 190 422 250 479; x_wconf 76' lang='lat' dir='ltr'>aaa</span> <span class='ocrx_word' id='word_1_2' title='bbox 468 418 652 479; x_wconf 80' lang='lat' dir='ltr'>ursroau</span> <span class='ocrx_word' id='word_1_3' title='bbox 675 417 981 480; x_wconf 80' lang='lat' dir='ltr'>sectususrrca.</span> <span class='ocrx_word' id='word_1_4' title='bbox 1054 420 1260 498; x_wconf 72' lang='lat' dir='ltr'>[tow-1079]</span> 
     </span>
    </p>
   </div>
   <div class='ocr_carea' id='block_1_2' title="bbox 115 534 1271 3533">
    <p class='ocr_par' dir='ltr' id='par_1_2' title="bbox 115 534 1271 3439">
     <span class='ocr_line' id='line_1_2' title="bbox 193 534 1262 638; baseline 0.002 -30"><span class='ocrx_word' id='word_1_5' title='bbox 193 552 234 608; x_wconf 90' lang='lat' dir='ltr'>ut</span> <span class='ocrx_word' id='word_1_6' title='bbox 251 535 438 609; x_wconf 79' lang='lat' dir='ltr'>laudabilia</span> <span class='ocrx_word' id='word_1_7' title='bbox 450 548 616 637; x_wconf 84' lang='lat' dir='ltr'>promam</span> <span class='ocrx_word' id='word_1_8' title='bbox 627 551 664 610; x_wconf 91' lang='lat' dir='ltr'>et</span> <span class='ocrx_word' id='word_1_9' title='bbox 681 534 882 610; x_wconf 80' lang='lat' dir='ltr'>imitabilia.</span> <span class='ocrx_word' id='word_1_10' title='bbox 898 536 1157 638; x_wconf 84' lang='lat' dir='ltr'>Eleemosynas</span> <span class='ocrx_word' id='word_1_11' title='bbox 1170 563 1262 637; x_wconf 87' lang='lat' dir='ltr'>pau-</span> 
     </span>
     <span class='ocr_line' id='line_1_3' title="bbox 191 651 1263 755; baseline 0.001 -28"><span class='ocrx_word' id='word_1_12' title='bbox 191 653 340 753; x_wconf 85' lang='lat' dir='ltr'>peribus</span> <span class='ocrx_word' id='word_1_13' title='bbox 364 651 521 728; x_wconf 82' lang='lat' dir='ltr'>libenter</span> <span class='ocrx_word' id='word_1_14' title='bbox 547 652 778 754; x_wconf 82' lang='lat' dir='ltr'>porrigebat,</span> <span class='ocrx_word' id='word_1_15' title='bbox 807 653 971 755; x_wconf 84' lang='lat' dir='ltr'>largitate</span> <span class='ocrx_word' id='word_1_16' title='bbox 1000 669 1036 728; x_wconf 90' lang='lat' dir='ltr'>et</span> <span class='ocrx_word' id='word_1_17' title='bbox 1060 653 1263 754; x_wconf 76' lang='lat' dir='ltr'>dapsilitate</span> 
     </span>
     <span class='ocr_line' id='line_1_4' title="bbox 192 770 1261 872; baseline -0.001 -26"><span class='ocrx_word' id='word_1_18' title='bbox 192 773 345 848; x_wconf 83' lang='lat' dir='ltr'>solerter</span> <span class='ocrx_word' id='word_1_19' title='bbox 372 789 408 847; x_wconf 89' lang='lat' dir='ltr'>ct</span> <span class='ocrx_word' id='word_1_20' title='bbox 433 771 633 847; x_wconf 88' lang='lat' dir='ltr'>honorifice</span> <span class='ocrx_word' id='word_1_21' title='bbox 657 770 815 872; x_wconf 88' lang='lat' dir='ltr'>vigebat.</span> <span class='ocrx_word' id='word_1_22' title='bbox 843 773 884 844; x_wconf 92' lang='lat' dir='ltr'>ln</span> <span class='ocrx_word' id='word_1_23' title='bbox 906 770 1046 871; x_wconf 87' lang='lat' dir='ltr'>judicio</span> <span class='ocrx_word' id='word_1_24' title='bbox 1073 773 1261 846; x_wconf 87' lang='lat' dir='ltr'>veritatem</span> 
     </span>
     <span class='ocr_line' id='line_1_5' title="bbox 192 887 1262 992; baseline -0.002 -27"><span class='ocrx_word' id='word_1_25' title='bbox 192 890 376 965; x_wconf 86' lang='lat' dir='ltr'>subtiliter</span> <span class='ocrx_word' id='word_1_26' title='bbox 393 889 649 992; x_wconf 85' lang='lat' dir='ltr'>investigabat,</span> <span class='ocrx_word' id='word_1_27' title='bbox 668 905 706 965; x_wconf 88' lang='lat' dir='ltr'>et</span> <span class='ocrx_word' id='word_1_28' title='bbox 718 887 974 965; x_wconf 86' lang='lat' dir='ltr'>rectitudinem</span> <span class='ocrx_word' id='word_1_29' title='bbox 986 888 1191 988; x_wconf 80' lang='lat' dir='ltr'>procaciter</span> <span class='ocrx_word' id='word_1_30' title='bbox 1205 887 1262 964; x_wconf 78' lang='lat' dir='ltr'>de</span> 
     </span>
     <span class='ocr_line' id='line_1_6' title="bbox 191 1003 1261 1104; baseline -0.001 -26"><span class='ocrx_word' id='word_1_31' title='bbox 191 1005 339 1080; x_wconf 87' lang='lat' dir='ltr'>fendcre</span> <span class='ocrx_word' id='word_1_32' title='bbox 355 1007 439 1078; x_wconf 88' lang='lat' dir='ltr'>satis</span> <span class='ocrx_word' id='word_1_33' title='bbox 455 1003 635 1091; x_wconf 86' lang='lat' dir='ltr'>inhiabat,</span> <span class='ocrx_word' id='word_1_34' title='bbox 650 1004 901 1104; x_wconf 87' lang='lat' dir='ltr'>justitiamque</span> <span class='ocrx_word' id='word_1_35' title='bbox 919 1004 1059 1078; x_wconf 87' lang='lat' dir='ltr'>cunctis</span> <span class='ocrx_word' id='word_1_36' title='bbox 1075 1003 1261 1104; x_wconf 83' lang='lat' dir='ltr'>postulan-</span> 
     </span>
     <span class='ocr_line' id='line_1_7' title="bbox 115 1121 1262 1223; baseline -0.003 -27"><span class='ocrx_word' id='word_1_37' title='bbox 115 1192 121 1196; x_wconf 86' lang='lat'>.</span> <span class='ocrx_word' id='word_1_38' title='bbox 193 1121 289 1194; x_wconf 91' lang='lat' dir='ltr'>tibus</span> <span class='ocrx_word' id='word_1_39' title='bbox 311 1123 420 1223; x_wconf 85' lang='lat' dir='ltr'>gratis</span> <span class='ocrx_word' id='word_1_40' title='bbox 442 1121 647 1198; x_wconf 83' lang='lat' dir='ltr'>exhibebat.</span> <span class='ocrx_word' id='word_1_41' title='bbox 667 1125 874 1197; x_wconf 82' lang='lat' dir='ltr'>Peccatores</span> <span class='ocrx_word' id='word_1_42' title='bbox 899 1126 1018 1196; x_wconf 80' lang='lat' dir='ltr'>reatus</span> <span class='ocrx_word' id='word_1_43' title='bbox 1041 1147 1124 1197; x_wconf 84' lang='lat' dir='ltr'>suos</span> <span class='ocrx_word' id='word_1_44' title='bbox 1142 1121 1262 1195; x_wconf 86' lang='lat' dir='ltr'>humi-</span> 
     </span>
     <span class='ocr_line' id='line_1_8' title="bbox 192 1237 1262 1338; baseline -0.002 -27"><span class='ocrx_word' id='word_1_45' title='bbox 192 1239 277 1313; x_wconf 83' lang='lat' dir='ltr'>liter</span> <span class='ocrx_word' id='word_1_46' title='bbox 289 1238 505 1313; x_wconf 88' lang='lat' dir='ltr'>confitentes</span> <span class='ocrx_word' id='word_1_47' title='bbox 516 1238 672 1313; x_wconf 89' lang='lat' dir='ltr'>dulciter</span> <span class='ocrx_word' id='word_1_48' title='bbox 684 1237 919 1338; x_wconf 88' lang='lat' dir='ltr'>suscipiebat,</span> <span class='ocrx_word' id='word_1_49' title='bbox 936 1252 972 1312; x_wconf 91' lang='lat' dir='ltr'>et</span> <span class='ocrx_word' id='word_1_50' title='bbox 983 1262 1066 1311; x_wconf 87' lang='lat' dir='ltr'>vere</span> <span class='ocrx_word' id='word_1_51' title='bbox 1082 1237 1262 1336; x_wconf 83' lang='lat' dir='ltr'>poeniten·</span> 
     </span>
     <span class='ocr_line' id='line_1_9' title="bbox 192 1351 1259 1456; baseline -0.003 -29"><span class='ocrx_word' id='word_1_52' title='bbox 192 1355 290 1428; x_wconf 91' lang='lat' dir='ltr'>tibus</span> <span class='ocrx_word' id='word_1_53' title='bbox 307 1370 448 1430; x_wconf 89' lang='lat' dir='ltr'>rectum</span> <span class='ocrx_word' id='word_1_54' title='bbox 459 1371 497 1432; x_wconf 88' lang='lat' dir='ltr'>et</span> <span class='ocrx_word' id='word_1_55' title='bbox 513 1353 654 1430; x_wconf 89' lang='lat' dir='ltr'>salubre</span> <span class='ocrx_word' id='word_1_56' title='bbox 668 1355 859 1430; x_wconf 89' lang='lat' dir='ltr'>consilium</span> <span class='ocrx_word' id='word_1_57' title='bbox 871 1354 1022 1456; x_wconf 88' lang='lat' dir='ltr'>provide</span> <span class='ocrx_word' id='word_1_58' title='bbox 1035 1351 1259 1455; x_wconf 66' lang='lat' dir='ltr'>aggerebat.</span> 
     </span>
     <span class='ocr_line' id='line_1_10' title="bbox 192 1469 1263 1571; baseline -0.004 -27"><span class='ocrx_word' id='word_1_59' title='bbox 192 1473 318 1547; x_wconf 89' lang='lat' dir='ltr'>Sacros</span> <span class='ocrx_word' id='word_1_60' title='bbox 336 1471 480 1546; x_wconf 88' lang='lat' dir='ltr'>ordines</span> <span class='ocrx_word' id='word_1_61' title='bbox 497 1488 533 1547; x_wconf 91' lang='lat' dir='ltr'>et</span> <span class='ocrx_word' id='word_1_62' title='bbox 550 1472 791 1546; x_wconf 82' lang='lat' dir='ltr'>dedicationes</span> <span class='ocrx_word' id='word_1_63' title='bbox 812 1487 849 1546; x_wconf 89' lang='lat' dir='ltr'>et</span> <span class='ocrx_word' id='word_1_64' title='bbox 870 1470 937 1543; x_wconf 91' lang='lat' dir='ltr'>alia</span> <span class='ocrx_word' id='word_1_65' title='bbox 960 1469 1168 1571; x_wconf 86' lang='lat' dir='ltr'>hujusmodi</span> <span class='ocrx_word' id='word_1_66' title='bbox 1193 1469 1263 1543; x_wconf 91' lang='lat' dir='ltr'>mi-</span> 
     </span>
     <span class='ocr_line' id='line_1_11' title="bbox 193 1584 1265 1691; baseline -0.001 -30"><span class='ocrx_word' id='word_1_67' title='bbox 193 1589 339 1662; x_wconf 89' lang='lat' dir='ltr'>nisteria</span> <span class='ocrx_word' id='word_1_68' title='bbox 364 1588 530 1688; x_wconf 84' lang='lat' dir='ltr'>religiose</span> <span class='ocrx_word' id='word_1_69' title='bbox 554 1604 591 1662; x_wconf 90' lang='lat' dir='ltr'>ct</span> <span class='ocrx_word' id='word_1_70' title='bbox 617 1589 769 1663; x_wconf 84' lang='lat' dir='ltr'>sollicite</span> <span class='ocrx_word' id='word_1_71' title='bbox 796 1585 1009 1691; x_wconf 80' lang='lat' dir='ltr'>peragebat3</span> <span class='ocrx_word' id='word_1_72' title='bbox 1038 1586 1098 1662; x_wconf 87' lang='lat' dir='ltr'>sed</span> <span class='ocrx_word' id='word_1_73' title='bbox 1120 1585 1167 1659; x_wconf 87' lang='lat' dir='ltr'>ad</span> <span class='ocrx_word' id='word_1_74' title='bbox 1190 1584 1265 1660; x_wconf 80' lang='lat' dir='ltr'>haec</span> 
     </span>
     <span class='ocr_line' id='line_1_12' title="bbox 193 1701 1266 1804; baseline -0.004 -27"><span class='ocrx_word' id='word_1_75' title='bbox 193 1703 327 1804; x_wconf 88' lang='lat' dir='ltr'>agenda</span> <span class='ocrx_word' id='word_1_76' title='bbox 345 1704 463 1778; x_wconf 89' lang='lat' dir='ltr'>lentus</span> <span class='ocrx_word' id='word_1_77' title='bbox 482 1721 559 1777; x_wconf 92' lang='lat' dir='ltr'>erat</span> <span class='ocrx_word' id='word_1_78' title='bbox 574 1721 612 1779; x_wconf 90' lang='lat' dir='ltr'>et</span> <span class='ocrx_word' id='word_1_79' title='bbox 627 1707 688 1778; x_wconf 85' lang='lat' dir='ltr'>vix</span> <span class='ocrx_word' id='word_1_80' title='bbox 706 1703 929 1804; x_wconf 75' lang='lat' dir='ltr'>assurgebat,</span> <span class='ocrx_word' id='word_1_81' title='bbox 949 1728 1036 1791; x_wconf 91' lang='lat' dir='ltr'>nec,</span> <span class='ocrx_word' id='word_1_82' title='bbox 1055 1703 1123 1776; x_wconf 91' lang='lat' dir='ltr'>nisi</span> <span class='ocrx_word' id='word_1_83' title='bbox 1144 1701 1266 1775; x_wconf 91' lang='lat' dir='ltr'>multis</span> 
     </span>
     <span class='ocr_line' id='line_1_13' title="bbox 193 1819 1264 1922; baseline 0 -29"><span class='ocrx_word' id='word_1_84' title='bbox 193 1821 397 1895; x_wconf 89' lang='lat' dir='ltr'>multorum</span> <span class='ocrx_word' id='word_1_85' title='bbox 407 1820 575 1922; x_wconf 86' lang='lat' dir='ltr'>precibus</span> <span class='ocrx_word' id='word_1_86' title='bbox 589 1822 757 1894; x_wconf 91' lang='lat' dir='ltr'>incitatus</span> <span class='ocrx_word' id='word_1_87' title='bbox 770 1836 974 1922; x_wconf 84' lang='lat' dir='ltr'>cogeretur,</span> <span class='ocrx_word' id='word_1_88' title='bbox 987 1820 1159 1894; x_wconf 88' lang='lat' dir='ltr'>inchoare</span> <span class='ocrx_word' id='word_1_89' title='bbox 1171 1819 1264 1893; x_wconf 92' lang='lat' dir='ltr'>vole·</span> 
     </span>
     <span class='ocr_line' id='line_1_14' title="bbox 194 1935 1265 2038; baseline -0.002 -26"><span class='ocrx_word' id='word_1_90' title='bbox 194 1937 268 2012; x_wconf 89' lang='lat' dir='ltr'>bat.</span> <span class='ocrx_word' id='word_1_91' title='bbox 298 1941 340 2012; x_wconf 92' lang='lat' dir='ltr'>ln</span> <span class='ocrx_word' id='word_1_92' title='bbox 366 1940 511 2014; x_wconf 87' lang='lat' dir='ltr'>ecclesia</span> <span class='ocrx_word' id='word_1_93' title='bbox 537 1939 753 2014; x_wconf 85' lang='lat' dir='ltr'>Luxovicnsi</span> <span class='ocrx_word' id='word_1_94' title='bbox 778 1965 822 2012; x_wconf 88' lang='lat' dir='ltr'>eo</span> <span class='ocrx_word' id='word_1_95' title='bbox 845 1954 1009 2038; x_wconf 91' lang='lat' dir='ltr'>tempore</span> <span class='ocrx_word' id='word_1_96' title='bbox 1035 1935 1265 2010; x_wconf 88' lang='lat' dir='ltr'>honorabiles</span> 
     </span>
     <span class='ocr_line' id='line_1_15' title="bbox 194 2038 1263 2155; baseline -0.007 -25"><span class='ocrx_word' id='word_1_97' title='bbox 194 2069 299 2130; x_wconf 88' lang='lat' dir='ltr'>erant</span> <span class='ocrx_word' id='word_1_98' title='bbox 310 2080 475 2154; x_wconf 85' lang='lat' dir='ltr'>pcrsonae</span> <span class='ocrx_word' id='word_1_99' title='bbox 488 2071 525 2128; x_wconf 88' lang='lat' dir='ltr'>et</span> <span class='ocrx_word' id='word_1_100' title='bbox 537 2055 693 2128; x_wconf 82' lang='lat' dir='ltr'>illustres</span> <span class='ocrx_word' id='word_1_101' title='bbox 705 2038 1064 2155; x_wconf 85' lang='lat' dir='ltr'>archidiaconiatque</span> <span class='ocrx_word' id='word_1_102' title='bbox 1077 2053 1263 2126; x_wconf 86' lang='lat' dir='ltr'>canonici:</span> 
     </span>
     <span class='ocr_line' id='line_1_16' title="bbox 195 2169 1267 2269; baseline -0.002 -25"><span class='ocrx_word' id='word_1_103' title='bbox 195 2170 410 2245; x_wconf 89' lang='lat' dir='ltr'>Guillelmus</span> <span class='ocrx_word' id='word_1_104' title='bbox 439 2172 483 2245; x_wconf 92' lang='lat' dir='ltr'>de</span> <span class='ocrx_word' id='word_1_105' title='bbox 514 2169 729 2243; x_wconf 91' lang='lat' dir='ltr'>Glandivilla</span> <span class='ocrx_word' id='word_1_106' title='bbox 758 2172 814 2269; x_wconf 89' lang='lat'>(1)</span> <span class='ocrx_word' id='word_1_107' title='bbox 846 2173 1001 2245; x_wconf 87' lang='lat' dir='ltr'>decanus</span> <span class='ocrx_word' id='word_1_108' title='bbox 1024 2186 1061 2243; x_wconf 93' lang='lat' dir='ltr'>et</span> <span class='ocrx_word' id='word_1_109' title='bbox 1088 2169 1267 2243; x_wconf 88' lang='lat' dir='ltr'>archidia-</span> 
     </span>
     <span class='ocr_line' id='line_1_17' title="bbox 197 2287 1267 2388; baseline 0 -28"><span class='ocrx_word' id='word_1_110' title='bbox 197 2313 329 2378; x_wconf 89' lang='lat' dir='ltr'>conus,</span> <span class='ocrx_word' id='word_1_111' title='bbox 362 2288 536 2362; x_wconf 85' lang='lat' dir='ltr'>Ricardus</span> <span class='ocrx_word' id='word_1_112' title='bbox 563 2288 607 2361; x_wconf 88' lang='lat' dir='ltr'>de</span> <span class='ocrx_word' id='word_1_113' title='bbox 635 2287 885 2388; x_wconf 84' lang='lat' dir='ltr'>Ansgeriivilla</span> <span class='ocrx_word' id='word_1_114' title='bbox 908 2289 966 2386; x_wconf 87' lang='lat'>(2)</span> <span class='ocrx_word' id='word_1_115' title='bbox 996 2302 1033 2361; x_wconf 87' lang='lat' dir='ltr'>et</span> <span class='ocrx_word' id='word_1_116' title='bbox 1055 2287 1267 2361; x_wconf 85' lang='lat' dir='ltr'>Guillelmus</span> 
     </span>
     <span class='ocr_line' id='line_1_18' title="bbox 197 2402 1268 2505; baseline -0.001 -28"><span class='ocrx_word' id='word_1_117' title='bbox 197 2405 402 2477; x_wconf 89' lang='lat' dir='ltr'>Pictavinus</span> <span class='ocrx_word' id='word_1_118' title='bbox 432 2405 489 2503; x_wconf 77' lang='lat'>(3)</span> <span class='ocrx_word' id='word_1_119' title='bbox 520 2403 782 2491; x_wconf 89' lang='lat' dir='ltr'>archidiaconi,</span> <span class='ocrx_word' id='word_1_120' title='bbox 817 2402 1028 2479; x_wconf 88' lang='lat' dir='ltr'>Goisfrcdus</span> <span class='ocrx_word' id='word_1_121' title='bbox 1056 2403 1102 2479; x_wconf 91' lang='lat' dir='ltr'>de</span> <span class='ocrx_word' id='word_1_122' title='bbox 1131 2407 1268 2505; x_wconf 81' lang='lat' dir='ltr'>Trega-</span> 
     </span>
     <span class='ocr_line' id='line_1_19' title="bbox 196 2520 1268 2620; baseline 0.003 -29"><span class='ocrx_word' id='word_1_123' title='bbox 196 2521 282 2594; x_wconf 89' lang='lat' dir='ltr'>villa</span> <span class='ocrx_word' id='word_1_124' title='bbox 302 2522 364 2620; x_wconf 79' lang='grc'>(4)</span> <span class='ocrx_word' id='word_1_125' title='bbox 394 2520 651 2608; x_wconf 84' lang='lat' dir='ltr'>thesaurarius,</span> <span class='ocrx_word' id='word_1_126' title='bbox 682 2523 855 2620; x_wconf 87' lang='lat' dir='ltr'>Turgisus</span> <span class='ocrx_word' id='word_1_127' title='bbox 885 2537 1013 2596; x_wconf 88' lang='lat' dir='ltr'>cantor</span> <span class='ocrx_word' id='word_1_128' title='bbox 1034 2535 1071 2596; x_wconf 90' lang='lat' dir='ltr'>et</span> <span class='ocrx_word' id='word_1_129' title='bbox 1095 2520 1268 2595; x_wconf 84' lang='lat' dir='ltr'>Radulfus</span> 
     </span>
     <span class='ocr_line' id='line_1_20' title="bbox 200 2626 1269 2740; baseline -0.003 -28"><span class='ocrx_word' id='word_1_130' title='bbox 200 2638 295 2712; x_wconf 85' lang='lat' dir='ltr'>lilius</span> <span class='ocrx_word' id='word_1_131' title='bbox 309 2641 406 2738; x_wconf 87' lang='lat' dir='ltr'>ejus,</span> <span class='ocrx_word' id='word_1_132' title='bbox 424 2639 555 2740; x_wconf 89' lang='lat' dir='ltr'>aliique</span> <span class='ocrx_word' id='word_1_133' title='bbox 572 2638 694 2739; x_wconf 89' lang='lat' dir='ltr'>plures</span> <span class='ocrx_word' id='word_1_134' title='bbox 711 2664 803 2739; x_wconf 89' lang='lat' dir='ltr'>quos</span> <span class='ocrx_word' id='word_1_135' title='bbox 819 2640 925 2739; x_wconf 86' lang='lat' dir='ltr'>Hugo</span> <span class='ocrx_word' id='word_1_136' title='bbox 942 2626 1173 2726; x_wconf 83' lang='lat' dir='ltr'>educaverat,</span> <span class='ocrx_word' id='word_1_137' title='bbox 1193 2637 1269 2712; x_wconf 87' lang='lat' dir='ltr'>offi-</span> 
     </span>
     <span class='ocr_line' id='line_1_21' title="bbox 201 2753 1270 2859; baseline -0.001 -31"><span class='ocrx_word' id='word_1_138' title='bbox 201 2755 336 2859; x_wconf 89' lang='lat' dir='ltr'>ciisque</span> <span class='ocrx_word' id='word_1_139' title='bbox 351 2756 442 2828; x_wconf 89' lang='lat' dir='ltr'>datis</span> <span class='ocrx_word' id='word_1_140' title='bbox 462 2755 706 2831; x_wconf 88' lang='lat' dir='ltr'>ecclesiasticis</span> <span class='ocrx_word' id='word_1_141' title='bbox 722 2753 976 2830; x_wconf 90' lang='lat' dir='ltr'>honoraverat.</span> <span class='ocrx_word' id='word_1_142' title='bbox 1006 2756 1080 2830; x_wconf 91' lang='lat' dir='ltr'>llos</span> <span class='ocrx_word' id='word_1_143' title='bbox 1095 2755 1270 2828; x_wconf 87' lang='lat' dir='ltr'>nimirum</span> 
     </span>
     <span class='ocr_line' id='line_1_22' title="bbox 201 2868 1271 2973; baseline 0.005 -31"><span class='ocrx_word' id='word_1_144' title='bbox 201 2871 373 2970; x_wconf 85' lang='lat' dir='ltr'>praefatus</span> <span class='ocrx_word' id='word_1_145' title='bbox 392 2897 574 2946; x_wconf 88' lang='lat' dir='ltr'>successor</span> <span class='ocrx_word' id='word_1_146' title='bbox 590 2874 665 2972; x_wconf 90' lang='lat' dir='ltr'>ejus</span> <span class='ocrx_word' id='word_1_147' title='bbox 682 2869 749 2944; x_wconf 88' lang='lat' dir='ltr'>sibi</span> <span class='ocrx_word' id='word_1_148' title='bbox 773 2871 974 2973; x_wconf 89' lang='lat' dir='ltr'>copulavit,</span> <span class='ocrx_word' id='word_1_149' title='bbox 1000 2869 1189 2972; x_wconf 81' lang='lat' dir='ltr'>fertilique</span> <span class='ocrx_word' id='word_1_150' title='bbox 1205 2868 1271 2947; x_wconf 90' lang='lat' dir='ltr'>do-</span> 
     </span>
     <span class='ocr_line' id='line_1_23' title="bbox 203 2986 1269 3088; baseline 0.001 -28"><span class='ocrx_word' id='word_1_151' title='bbox 203 3001 374 3061; x_wconf 84' lang='lat' dir='ltr'>cumento</span> <span class='ocrx_word' id='word_1_152' title='bbox 403 2988 640 3063; x_wconf 76' lang='lat' dir='ltr'>arithmeticae</span> <span class='ocrx_word' id='word_1_153' title='bbox 668 3004 706 3063; x_wconf 88' lang='lat' dir='ltr'>et</span> <span class='ocrx_word' id='word_1_154' title='bbox 737 2989 970 3066; x_wconf 83' lang='lat' dir='ltr'>astronomiae</span> <span class='ocrx_word' id='word_1_155' title='bbox 1003 3004 1040 3063; x_wconf 89' lang='lat' dir='ltr'>et</span> <span class='ocrx_word' id='word_1_156' title='bbox 1062 2986 1269 3088; x_wconf 87' lang='lat' dir='ltr'>multiplicis</span> 
     </span>
     <span class='ocr_line' id='line_1_24' title="bbox 201 3103 1268 3206; baseline -0.001 -30"><span class='ocrx_word' id='word_1_157' title='bbox 201 3103 362 3204; x_wconf 80' lang='lat' dir='ltr'>physicae</span> <span class='ocrx_word' id='word_1_158' title='bbox 369 3158 380 3193; x_wconf 96' lang='lat'>,</span> <span class='ocrx_word' id='word_1_159' title='bbox 406 3104 630 3205; x_wconf 88' lang='lat' dir='ltr'>aliarumque</span> <span class='ocrx_word' id='word_1_160' title='bbox 654 3104 920 3206; x_wconf 88' lang='lat' dir='ltr'>profundarum</span> <span class='ocrx_word' id='word_1_161' title='bbox 940 3130 1064 3180; x_wconf 91' lang='lat' dir='ltr'>rerum</span> <span class='ocrx_word' id='word_1_162' title='bbox 1090 3103 1268 3194; x_wconf 91' lang='lat' dir='ltr'>erudivit,</span> 
     </span>
     <span class='ocr_line' id='line_1_25' title="bbox 203 3219 1269 3322; baseline -0.002 -26"><span class='ocrx_word' id='word_1_163' title='bbox 203 3234 242 3296; x_wconf 88' lang='lat' dir='ltr'>et</span> <span class='ocrx_word' id='word_1_164' title='bbox 265 3219 458 3296; x_wconf 81' lang='lat' dir='ltr'>familiares</span> <span class='ocrx_word' id='word_1_165' title='bbox 480 3222 633 3321; x_wconf 86' lang='lat' dir='ltr'>collegas</span> <span class='ocrx_word' id='word_1_166' title='bbox 662 3222 914 3298; x_wconf 86' lang='lat' dir='ltr'>conviviorum</span> <span class='ocrx_word' id='word_1_167' title='bbox 942 3236 978 3296; x_wconf 89' lang='lat' dir='ltr'>et</span> <span class='ocrx_word' id='word_1_168' title='bbox 1003 3220 1269 3322; x_wconf 90' lang='lat' dir='ltr'>colloquiorum</span> 
     </span>
     <span class='ocr_line' id='line_1_26' title="bbox 205 3336 718 3439; baseline 0 -29"><span class='ocrx_word' id='word_1_169' title='bbox 205 3336 272 3410; x_wconf 92' lang='lat' dir='ltr'>sibi</span> <span class='ocrx_word' id='word_1_170' title='bbox 292 3336 498 3439; x_wconf 84' lang='lat' dir='ltr'>benigniter</span> <span class='ocrx_word' id='word_1_171' title='bbox 513 3339 718 3438; x_wconf 86' lang='lat' dir='ltr'>applicavit.</span> 
     </span>
    </p>

    <p class='ocr_par' dir='ltr' id='par_1_3' title="bbox 254 3452 1270 3533">
     <span class='ocr_line' id='line_1_27' title="bbox 254 3452 1270 3533; baseline 0.004 -8"><span class='ocrx_word' id='word_1_172' title='bbox 254 3453 317 3527; x_wconf 90' lang='lat' dir='ltr'>lV.</span> <span class='ocrx_word' id='word_1_173' title='bbox 338 3454 447 3529; x_wconf 85' lang='lat' dir='ltr'>Anno</span> <span class='ocrx_word' id='word_1_174' title='bbox 469 3453 514 3527; x_wconf 92' lang='lat' dir='ltr'>ab</span> <span class='ocrx_word' id='word_1_175' title='bbox 536 3455 785 3529; x_wconf 89' lang='lat' dir='ltr'>incarnatione</span> <span class='ocrx_word' id='word_1_176' title='bbox 806 3455 954 3529; x_wconf 89' lang='lat' dir='ltr'>Domini</span> <span class='ocrx_word' id='word_1_177' title='bbox 979 3452 1270 3533; x_wconf 76' lang='lat' dir='ltr'>st⁰txx⁰1x⁰J0·</span> 
     </span>
    </p>
   </div>
   <div class='ocr_carea' id='block_1_3' title="bbox 213 3648 252 3658">
    <p class='ocr_par' dir='ltr' id='par_1_4' title="bbox 213 3648 252 3658">
     <span class='ocr_line' id='line_1_28' title="bbox 213 3648 252 3658; baseline 0 0"><span class='ocrx_word' id='word_1_178' title='bbox 213 3648 252 3658; x_wconf 58' lang='grc' dir='ltr'>-να</span> 
     </span>
    </p>
   </div>
   <div class='ocr_carea' id='block_1_4' title="bbox 241 3738 767 3914">
    <p class='ocr_par' dir='ltr' id='par_1_5' title="bbox 241 3738 767 3914">
     <span class='ocr_line' id='line_1_29' title="bbox 241 3738 767 3825; baseline 0 -19"><span class='ocrx_word' id='word_1_179' title='bbox 241 3753 280 3823; x_wconf 90' lang='grc' dir='ltr'>(ι)</span> <span class='ocrx_word' id='word_1_180' title='bbox 297 3749 452 3816; x_wconf 82' lang='lat' dir='ltr'>Glanville‚</span> <span class='ocrx_word' id='word_1_181' title='bbox 466 3752 530 3822; x_wconf 78' lang='lat' dir='ltr'>pres</span> <span class='ocrx_word' id='word_1_182' title='bbox 541 3738 767 3825; x_wconf 71' lang='lat' dir='ltr'>Part-l’llveque.</span> 
     </span>
     <span class='ocr_line' id='line_1_30' title="bbox 242 3841 611 3914; baseline -0.005 -18"><span class='ocrx_word' id='word_1_183' title='bbox 242 3844 283 3911; x_wconf 82' lang='lat' dir='ltr'>(a)</span> <span class='ocrx_word' id='word_1_184' title='bbox 300 3841 611 3914; x_wconf 80' lang='lat' dir='ltr'>Angerville·en·Auge.</span> 
     </span>
    </p>
   </div>
   <div class='ocr_carea' id='block_1_5' title="bbox 210 3925 1271 4174">
    <p class='ocr_par' dir='ltr' id='par_1_6' title="bbox 210 3925 1271 4174">
     <span class='ocr_line' id='line_1_31' title="bbox 243 3925 1270 4003; baseline -0.002 -20"><span class='ocrx_word' id='word_1_185' title='bbox 243 3925 282 3999; x_wconf 67' lang='lat'>(3)</span> <span class='ocrx_word' id='word_1_186' title='bbox 299 3928 460 3984; x_wconf 86' lang='lat' dir='ltr'>Guillaume</span> <span class='ocrx_word' id='word_1_187' title='bbox 474 3928 509 3982; x_wconf 87' lang='lat' dir='ltr'>de</span> <span class='ocrx_word' id='word_1_188' title='bbox 523 3928 657 3997; x_wconf 84' lang='lat' dir='ltr'>Poitiers,</span> <span class='ocrx_word' id='word_1_189' title='bbox 672 3927 842 3995; x_wconf 88' lang='lat' dir='ltr'>l’historien,</span> <span class='ocrx_word' id='word_1_190' title='bbox 856 3927 905 4001; x_wconf 87' lang='lat' dir='ltr'>qui</span> <span class='ocrx_word' id='word_1_191' title='bbox 919 3927 1023 4000; x_wconf 87' lang='lat' dir='ltr'>portait</span> <span class='ocrx_word' id='word_1_192' title='bbox 1035 3945 1067 3984; x_wconf 88' lang='lat' dir='ltr'>oe</span> <span class='ocrx_word' id='word_1_193' title='bbox 1077 3945 1193 3984; x_wconf 87' lang='lat' dir='ltr'>surnorn</span> <span class='ocrx_word' id='word_1_194' title='bbox 1207 3945 1270 4003; x_wconf 86' lang='lat' dir='ltr'>pour</span> 
     </span>
     <span class='ocr_line' id='line_1_32' title="bbox 210 4014 1271 4091; baseline -0.001 -19"><span class='ocrx_word' id='word_1_195' title='bbox 210 4017 284 4072; x_wconf 86' lang='lat' dir='ltr'>avoir</span> <span class='ocrx_word' id='word_1_196' title='bbox 304 4016 399 4072; x_wconf 73' lang='lat' dir='ltr'>e&#39;tudie</span> <span class='ocrx_word' id='word_1_197' title='bbox 416 4021 432 4072; x_wconf 75' lang='lat' dir='ltr'>a</span> <span class='ocrx_word' id='word_1_198' title='bbox 450 4017 583 4086; x_wconf 86' lang='lat' dir='ltr'>Pcitiers,</span> <span class='ocrx_word' id='word_1_199' title='bbox 607 4018 675 4071; x_wconf 85' lang='lat' dir='ltr'>mais</span> <span class='ocrx_word' id='word_1_200' title='bbox 691 4017 739 4091; x_wconf 90' lang='lat' dir='ltr'>qui</span> <span class='ocrx_word' id='word_1_201' title='bbox 761 4015 828 4070; x_wconf 75' lang='lat' dir='ltr'>etait</span> <span class='ocrx_word' id='word_1_202' title='bbox 849 4014 999 4089; x_wconf 85' lang='lat' dir='ltr'>originaire</span> <span class='ocrx_word' id='word_1_203' title='bbox 1017 4015 1051 4070; x_wconf 88' lang='lat' dir='ltr'>de</span> <span class='ocrx_word' id='word_1_204' title='bbox 1070 4016 1194 4086; x_wconf 74' lang='lat' dir='ltr'>Preaux,</span> <span class='ocrx_word' id='word_1_205' title='bbox 1216 4016 1271 4091; x_wconf 66' lang='lat' dir='ltr'>prb</span> 
     </span>
     <span class='ocr_line' id='line_1_33' title="bbox 210 4102 895 4174; baseline -0.004 -15"><span class='ocrx_word' id='word_1_206' title='bbox 210 4102 442 4173; x_wconf 80' lang='lat' dir='ltr'>Part-Audemer,</span> <span class='ocrx_word' id='word_1_207' title='bbox 458 4123 565 4162; x_wconf 87' lang='lat' dir='ltr'>comme</span> <span class='ocrx_word' id='word_1_208' title='bbox 578 4123 648 4160; x_wconf 89' lang='lat' dir='ltr'>nous</span> <span class='ocrx_word' id='word_1_209' title='bbox 660 4104 762 4159; x_wconf 79' lang='lat' dir='ltr'>l&#39;avons</span> <span class='ocrx_word' id='word_1_210' title='bbox 774 4102 836 4174; x_wconf 78' lang='lat' dir='ltr'>de&#39;ja</span> <span class='ocrx_word' id='word_1_211' title='bbox 850 4122 895 4157; x_wconf 86' lang='lat' dir='ltr'>vu.</span> 
     </span>
    </p>
   </div>
   <div class='ocr_carea' id='block_1_6' title="bbox 247 4192 818 4270">
    <p class='ocr_par' dir='ltr' id='par_1_7' title="bbox 247 4192 818 4270">
     <span class='ocr_line' id='line_1_34' title="bbox 247 4192 818 4270; baseline 0.004 -24"><span class='ocrx_word' id='word_1_212' title='bbox 247 4194 287 4260; x_wconf 71' lang='lat' dir='ltr'>(t)</span> <span class='ocrx_word' id='word_1_213' title='bbox 306 4192 488 4267; x_wconf 78' lang='lat' dir='ltr'>Triquerille,</span> <span class='ocrx_word' id='word_1_214' title='bbox 504 4199 566 4270; x_wconf 72' lang='lat' dir='ltr'>pres</span> <span class='ocrx_word' id='word_1_215' title='bbox 578 4195 818 4254; x_wconf 85' lang='lat' dir='ltr'>Pout-Auderner.</span> 
     </span>
    </p>
   </div>
   <div class='ocr_carea' id='block_1_7' title="bbox 0 0 1473 4980">
    <p class='ocr_par' dir='ltr' id='par_1_8' title="bbox 0 0 1473 4980">
     <span class='ocr_line' id='line_1_35' title="bbox 0 0 1473 4980; baseline 0 0"><span class='ocrx_word' id='word_1_216' title='bbox 0 0 1473 4980; x_wconf 95' lang='lat' dir='ltr'> </span> 
     </span>
    </p>
   </div>
  </div>
 </body>
</html>
