2910 4980
188 397 293 473 [ms]
365 352 372 367 ’
514 469 519 478 ,
557 391 674 452 ursan
694 390 877 468 Qururus.
1195 395 1249 457 sei

190 530 284 601 tens,
312 509 542 599 commendo,
575 515 667 582 sicut
693 536 811 582 seruus
837 536 876 583 se
902 509 1007 582 debet
1037 514 1253 585 committere

189 628 348 701 Donuno
369 653 448 711 sno,
474 627 640 726 spiritum
663 653 792 697 meunt.
815 624 897 718 Quo
919 624 1037 713 dicto,
1064 629 1126 725 (ut
1144 627 1254 702 credi·
1314 614 1318 623 ’

190 746 286 840 mus)
300 742 453 815 feliciter
464 743 651 841 expiravit.
666 743 752 816 lnde
762 743 894 843 vigiliae
908 760 1114 832 cantantur,
1128 746 1252 843 psalmi

191 879 226 934 et
241 861 420 934 orationes
443 861 480 930 in
496 863 569 957 ejus
588 860 686 931 exitu
703 885 785 930 cum
804 859 927 930 multis
943 862 1103 958 suspiriis
1123 860 1255 933 dicun-

194 995 266 1066 tur,
281 993 315 1047 et
330 976 443 1047 missae
456 976 583 1049 deuote
597 974 836 1047 celebrantur.
853 975 992 1067 Quibus
1006 979 1074 1048 rite
1088 979 1251 1075 patratis,

193 1114 298 1168 terrae
312 1096 416 1167 matri
434 1095 612 1179 omnium,
629 1093 670 1164 ad
684 1093 955 1165 custodiendum
971 1111 1007 1166 et
1017 1094 1251 1182 reddendum,

193 1213 448 1298 committitur,
465 1209 551 1280 dum
569 1211 605 1280 S.
623 1209 797 1281 Johaunis
811 1209 962 1307 apostoli
981 1226 1016 1281 et
1032 1212 1254 1309 evangelistae

193 1330 386 1428 assumptio
405 1329 460 1425 (r)
486 1325 531 1397 ab
553 1326 708 1399 Ecclesia
728 1328 788 1398 Dei
808 1326 1021 1399 celebratur.
1043 1329 1105 1397 His
1131 1329 1255 1427 utique

193 1448 348 1546 exequiis
358 1442 436 1518 Odo
445 1446 760 1517 lllonasterolensis
774 1444 954 1535 interluit,
966 1445 1088 1543 ibique
1101 1448 1257 1517 sacerdo·

195 1562 264 1634 tale
278 1562 433 1634 officium
447 1561 604 1658 peregit,
621 1561 791 1659 lucrique
803 1560 883 1632 loco
895 1585 1028 1632 nomeu
1040 1576 1074 1632 et
1085 1561 1255 1645 officium,

194 1681 359 1779 diemque
379 1678 501 1751 obitus
523 1681 616 1775 ejus,
639 1694 674 1749 et
698 1704 862 1776 maguam
886 1702 953 1775 pro
979 1703 1021 1749 eo
1043 1703 1185 1775 precem
1209 1678 1258 1747 sic

195 1794 486 1893 comprehendit:

333 1955 360 2008 Si
375 1955 437 2026 quis
450 1955 504 2007 erit
516 1954 564 2026 qui
577 1954 647 2008 scire
659 1952 739 2018 velit,
754 1953 822 2006 ilum
836 1955 911 2007 vivus
922 1954 1040 2018 adesset,

334 2043 404 2109 Quis
416 2041 513 2106 luerit,
528 2058 611 2114 quem
625 2041 720 2094 tumba
734 2043 816 2112 tegit,
831 2040 907 2114 quod
921 2060 1023 2096 nomen
1036 2042 1170 2104 haberem

335 2132 449 2186 Ansoldi
465 2149 565 2185 nomen
578 2131 631 2184 luit
643 2131 722 2196 huic,
736 2140 765 2183 et
777 2131 873 2185 militis
886 2149 977 2185 omen.

335 2222 440 2289 Quinta
453 2219 511 2273 dies
525 2219 593 2273 litei
606 2220 716 2291 requies
729 2220 756 2271 in
768 2219 822 2272 liue
834 2220 996 2274 decembris.

335 2311 421 2364 Detur
435 2311 460 2363 ei
476 2310 577 2382 pietate
590 2309 641 2363 Dei
656 2325 760 2363 merces
772 2310 892 2382 requiei!
904 2311 1003 2364 Anien.

246 2463 278 2559 [ι
293 2489 303 2531 r
318 2462 398 2530 18-1
414 2461 511 2558 128.]
529 2459 656 2530 Militia
670 2458 784 2531 clarus
797 2475 833 2532 et
846 2459 1002 2546 audacia,
1018 2461 1157 2547 Petrus,
1174 2461 1259 2531 vici-

197 2580 252 2649 nis
267 2577 491 2665 metuendus,
506 2577 650 2648 blanliae
659 2576 820 2675 praeluit,
834 2577 921 2648 seda
936 2580 1093 2676 paternis
1105 2579 1261 2679 vestigiis

199 2697 235 2766 in
253 2693 464 2792 quibusdam
481 2691 650 2791 operibus
667 2693 738 2763 suis
756 2691 986 2767 exorbitavit.
1005 2695 1097 2766 Nam
1109 2695 1260 2793 juvenili

199 2811 341 2881 levitate
355 2837 456 2894 usus,
471 2811 600 2882 mimos
612 2808 979 2895 etaleatoresdilexit;
998 2810 1262 2883 adolescentum

198 2925 484 3025 persuasionibus
501 2926 636 3013 favens,
656 2927 838 3024 rapacitati
852 2925 1006 3013 studuit,
1022 2953 1263 3027 pauperesque

198 3041 365 3126 colonos,
383 3056 454 3111 tam
467 3066 548 3111 suos
560 3066 666 3138 quam
679 3040 826 3128 alienos,
843 3041 1056 3141 plerumque
1069 3043 1258 3140 oppressit.

200 3157 323 3230 Aliena
333 3171 465 3229 temere
480 3153 624 3251 diripit,
640 3169 676 3226 et
687 3182 746 3226 sua
761 3155 936 3227 iulruuite
948 3155 1126 3226 distrahit.
1142 3156 1260 3243 Unde,

200 3276 291 3345 sicut
306 3275 378 3371 ipse
395 3274 464 3343 suis
479 3273 669 3343 damnosus
682 3288 735 3343 est
751 3269 1037 3356 contribulibus,
1054 3274 1103 3342 sic
1118 3271 1261 3343 finitimi

199 3391 387 3489 praedones
409 3414 483 3460 non
506 3389 625 3459 minus
646 3386 826 3459 inhianter
845 3385 1058 3458 insidiantur
1078 3401 1114 3458 et
1130 3403 1264 3460 nocent

202 3511 289 3605 ipsi,
309 3508 449 3604 suisque
464 3503 684 3577 hominibus.
702 3507 814 3575 lratus
827 3504 1013 3575 durissima
1031 3504 1133 3578 facile
1144 3507 1264 3577 mina-

236 3806 275 3874 (ι)
294 3804 371 3856 Nous
389 3819 470 3855 avons
482 3800 543 3869 cleia
557 3819 592 3853 vu
610 3799 760 3864 ci-dessus,
783 3811 802 3853 t.
820 3819 842 3866 ι,
858 3818 885 3871 p.
908 3798 972 3872 298,
993 3817 1047 3872 que
1069 3809 1149 3853 notre
1167 3809 1266 3853 auteur

204 3894 326 3965 adoptait
346 3892 477 3963 l'opinion
500 3890 583 3944 emise
604 3909 651 3960 par
671 3891 742 3944 saint
764 3878 884 3962 Ephrem
905 3900 933 3943 et
952 3889 1088 3961 plusieurs
1107 3900 1198 3943 autres
1218 3907 1265 3942 sur

205 3985 401 4052 l'Assomptinn
415 3980 449 4032 dc
462 3980 531 4033 saint
544 3981 620 4044 dean,
634 3980 748 4051 opinion
759 3981 807 4052 qui
818 3979 954 4033 n’existait
968 3998 1013 4051 pas
1025 3997 1124 4034 encore
1133 3998 1167 4033 au
1176 3989 1266 4051 temps

205 4075 239 4125 de
254 4073 406 4143 Polycrate,
419 4070 521 4142 dieque
533 4056 684 4141 ‹l’llphese,
700 4079 726 4121 et
740 4070 786 4141 qui
803 4088 851 4141 par
861 4072 1029 4140 consequent
1043 4079 1083 4122 cst
1098 4070 1268 4140 postc'rieurc

206 4182 238 4215 au
255 4173 284 4214 un
296 4161 376 4214 siecle
388 4162 465 4231 apris
479 4160 680 4213 lesus-Christ.
