2926 4980
205 421 263 481 158
479 418 665 480 HISTORIA
686 415 991 481 EffllfflfflTlCA.

204 539 358 613 adversis
379 553 416 611 et
436 538 617 637 prosperis
641 551 789 617 strenue
801 537 1013 640 utiliterque
1029 540 1146 628 rexit,
1164 542 1271 641 eique

203 680 254 727 xx
271 653 375 727 annis
395 667 433 727 et
446 677 514 727 vru
534 650 946 742 mensibu-aedithae
962 677 1026 729 rer
1043 653 1271 732 landabiliter

201 772 352 870 praefuit
369 771 437 868 (1).
457 772 512 844 De
529 773 629 868 cujus
645 766 827 868 probitate
844 784 882 845 et
894 769 1217 847 eximiis-moribus
1230 800 1270 846 ac

201 889 382 988 prosperis
394 886 596 976 eventibus,
612 902 649 961 et
661 889 816 963 strenuis
828 888 1118 990 adrniraudiaque
1132 889 1270 967 actibus

200 1004 415 1080 Guillelmus
439 1005 642 1078 Pictavinus
668 1006 903 1079 [lexoviensis
922 1005 1199 1087 archidiaconus¹
1215 1007 1270 1081 ai·

201 1122 356 1198 lluenter
374 1123 560 1211 tractavit,
576 1137 612 1195 et
628 1122 769 1196 librum
780 1124 899 1222 polito
913 1150 1082 1199 sermone
1094 1104 1134 1200 et
1146 1128 1269 1227 magni

199 1267 321 1314 sensus
337 1238 587 1340 profunditate
600 1241 816 1338 praeclarom
829 1238 943 1329 edidit
954 1243 1026 1340 (a).
1045 1244 1124 1342 lpse
1138 1244 1168 1316 si
1184 1244 1266 1345 qtti-

197 1359 281 1433 dem
296 1358 461 1458 praedicti
483 1357 577 1456 regis
597 1357 800 1456 capellanus
816 1358 928 1459 longo
943 1373 1108 1459 tempore
1123 1360 1266 1451 extitit,

199 1495 235 1551 et
258 1505 297 1551 ea
323 1502 406 1576 quae
436 1474 549 1548 oculis
574 1475 645 1547 suis
667 1473 800 1548 viderit
826 1490 863 1549 et
883 1475 1018 1576 quibua
1040 1475 1266 1565 interfuerit,

199 1598 311 1696 longo
326 1593 443 1667 relatu
461 1591 516 1666 vel
538 1594 687 1692 copioso
706 1592 955 1667 indubitanter
978 1594 1269 1670 enucleare-stu·

198 1711 279 1785 duit
288 1739 300 1799 ς
320 1711 483 1810 quamvis
504 1706 640 1781 librum
664 1734 776 1810 usque
796 1709 842 1782 ad
864 1710 977 1784 finem
1001 1710 1093 1811 regit
1113 1709 1269 1787 advertit

199 1825 337 1900 casibus
349 1825 541 1925 impeditus
561 1824 758 1924 perducere
780 1827 998 1926 nequiverit·
1019 1826 1141 1901 Guido
1160 1828 1269 1903 etiam

200 1944 330 2044 praesul
354 1940 605 2016 Ambianensis
632 1944 827 2016 metricum
857 1969 1001 2016 carmen
1026 1942 1162 2033 edidit,
1193 1968 1269 2045 quo

198 2061 389 2133 Maronem
414 2074 452 2132 et
474 2058 665 2157 Papinium
682 2075 779 2158 gesta
798 2058 952 2133 heroum
970 2074 1167 2160 pangentes
1188 2060 1269 2135 imi·

199 2192 292 2249 tatus
313 2176 517 2249 Senlacium
533 2175 671 2249 bellum
684 2175 890 2276 descripsit,
911 2176 1106 2251 Heraldum
1122 2178 1270 2278 vitupe-

195 2313 280 2364 rans
297 2308 334 2365 et
354 2289 617 2378 condemnans,
638 2289 881 2365 Guillermum
898 2317 985 2365 vero
1004 2291 1212 2367 collaudans
1226 2308 1269 2367 ‘et

197 2408 463 2509 magnificans(
488 2411 517 2505 ).

232 2686 271 2753 (ι)
289 2683 328 2738 Ce
338 2680 425 2736 calcul
432 2690 474 2735 est
480 2689 567 2746 exact,
576 2697 685 2752 pourvu
693 2697 747 2754 que
756 2678 810 2734 l’on
819 2679 939 2749 nesasse,
950 2690 1263 2750 commemorantem,

196 2773 285 2844 partir
296 2770 323 2825 le
335 2771 420 2842 regne
432 2768 468 2823 de
476 2767 638 2823 Guillaume
650 2787 705 2841 que
714 2767 754 2822 du
762 2768 829 2840 jour
842 2769 877 2824 de
889 2787 939 2825 son
951 2781 1172 2827 couronuemeut
1180 2770 1266 2842 (dett

202 2861 281 2933 1066)
293 2860 404 2934 jusqu'a
416 2878 446 2914 sa
458 2868 533 2912 mort
546 2859 574 2932 (9
588 2858 744 2931 septembre
759 2859 844 2934 1087).

232 2952 270 3021 (a)
289 2951 341 3005 Cet
355 2965 474 3020 ouvrage
485 2946 520 3001 de
529 2946 691 3003 Guillaume
703 2947 738 3003 de
751 2948 870 3003 Poitiers
881 2958 923 3002 est
932 2947 1061 3003 intitule:
1081 2949 1169 3004 Gesta
1185 2948 1265 3005 Gutt-

197 3043 274 3097 Ielmr'
288 3040 368 3094 ducis
385 3039 615 3094 Normannorum
633 3049 660 3094 et
680 3043 754 3112 regis
768 3040 936 3112 Anglorum.
956 3040 1103 3095 Doehesne
1120 3039 1155 3095 l’a
1172 3036 1267 3112 public

82 3174 87 3193 ,
197 3131 265 3185 dans
274 3147 324 3184 son
336 3129 452 3183 Recuet'l
460 3127 511 3182 des
521 3127 679 3183 Ht'stort'ens
687 3129 849 3197 normands,
863 3129 932 3184 mais
942 3128 1049 3201 d’aprbs
1062 3146 1101 3183 un
1114 3128 1267 3185 manauit

196 3218 468 3274 malheureusement
481 3216 538 3271 sort
550 3216 711 3291 incomplet.

231 3307 271 3378 (3)
289 3308 362 3376 Gui,
374 3307 478 3381 e'vdque
490 3305 647 3375 d'Arniens,
662 3308 752 3380 paralt
762 3309 838 3362 avoir
847 3311 891 3362 ete
902 3307 943 3362 fils
955 3327 992 3362 ou
1002 3307 1130 3381 petit-{ils
1139 3307 1175 3363 de
1186 3309 1264 3366 Gau-

194 3398 250 3453 ticr
266 3397 309 3465 11,
330 3405 422 3451 comte
439 3395 582 3452 d’Amiens
600 3407 629 3451 et
649 3396 684 3451 de
703 3397 808 3466 Venio,
830 3408 859 3452 et
879 3417 929 3471 par
948 3390 1119 3471 consequent
1135 3398 1210 3455 frere
1227 3416 1264 3456 on

195 3506 282 3542 neveu
300 3487 335 3541 de
352 3487 376 3542 F
376 3486 478 3560 oulque
498 3487 542 3555 1⁰,
565 3505 614 3541 son
634 3485 837 3560 prodeuntem,
853 3487 954 3561 auquel
972 3487 993 3541 il
1008 3486 1124 3542 sncoeda
1140 3488 1264 3545 evantio

194 3577 230 3633 ab
243 3580 297 3632 rnai
311 3576 387 3652 1059.
400 3579 441 3632 Eu
454 3577 535 3646 1068,
549 3577 779 3652 ilacoompagna‚
795 3578 943 3653 enqualite
953 3578 1134 3647 d’aumbnien
1147 3577 1176 3634 la
1186 3580 1263 3636 ruine

197 3666 332 3721 llathilde
351 3666 420 3723 dans
439 3685 489 3721 son
508 3685 611 3740 voyage
631 3665 832 3740 d'Aogleterre.
853 3667 877 3722 ss
899 3678 1013 3722 mourut
1031 3685 1092 3722 vers
1112 3666 1189 3743 1056.
1207 3667 1263 3724 son

194 3763 292 3829 po'erne
305 3757 373 3811 otait
386 3759 515 3830 composd
531 3767 611 3812 avant
624 3755 650 3811 le
666 3775 769 3829 voyage
786 3757 821 3813 de
839 3756 914 3812 1068.
935 3757 987 3812 Cet
1005 3774 1138 3831 ouvrage,
1157 3755 1228 3813 dont
1241 3755 1262 3811 il

188 3846 307 3900 n’existe
320 3845 406 3919 qu'un
419 3847 571 3901 manuscrit
582 3846 733 3919 incomplet
744 3849 760 3900 a
772 3846 799 3900 la
808 3845 1000 3920 bibliotheque
1012 3845 1048 3900 de
1061 3843 1217 3914 Bruxeller‚
1229 3863 1262 3900 va

194 3933 303 3989 hientot
321 3935 380 3989 etro
401 3933 496 4007 publie
517 3934 623 4007 parles
645 3935 719 3990 scius
740 3933 775 3989 de
795 3936 863 3989 ΜΜ.
886 3933 913 3989 le
932 3936 1089 4008 prolesseur
1109 3934 1215 3991 Michel
1233 3943 1261 3990 et

195 4013 324 4080 Edouard
344 4027 443 4092 Frbre,
465 4028 481 4080 l
502 4027 550 4100 qui
572 4042 642 4080 nous
659 4026 762 4081 devons
781 4025 843 4098 deja
864 4036 925 4082 tant
937 4025 1058 4082 d'aotres
1078 4025 1263 4099 publicatione

193 4113 279 4169 utiles
289 4133 361 4188 pour
373 4113 476 4169 l’etude
495 4113 530 4169 de
542 4125 622 4169 notre
639 4114 764 4170 histoire.
783 4116 824 4171 Ce
840 4122 951 4190 potitae,
971 4117 1042 4171 ecrit
1058 4134 1092 4170 en
1111 4115 1260 4191 distiquet‚

195 4201 258 4257 sinit
270 4203 470 4276 brusquement
482 4202 549 4258 dans
564 4202 589 4259 le
600 4205 753 4260 manuscrit
763 4204 799 4259 de
812 4205 952 4261 Bruxelles
961 4223 997 4259 au
1008 4223 1069 4260 vers
1082 4201 1150 4272 855,
1162 4204 1211 4278 qni
1220 4212 1261 4258 cst
