2926 4980
194 434 360 515 [ecana]
552 431 669 492 nisan
689 430 881 506 QUARTUS.
1195 439 1257 497 crs

194 567 234 626 et
248 551 347 625 laicis
357 548 401 622 ed
414 546 632 621 Guthlacum
647 547 764 635 venit;
786 548 881 620 inter
893 573 986 648 quos
997 549 1041 624 de
1057 547 1161 623 beato
1178 553 1258 624 viro

194 667 291 742 veria
310 666 446 740 locutio
462 663 581 739 obiter
597 663 680 736 fuit.
700 657 896 737 Prredictus
914 681 1032 740 autem
1052 667 1255 768 episcopus,

196 797 382 881 comperta
398 783 436 853 in
449 777 643 853 venerabili
659 780 740 853 viro
755 780 888 853 divinae
904 783 1028 881 gratiae
1044 782 1257 872 luculentia,

197 899 286 974 etin
299 895 519 996 exponendis
535 896 642 968 sacris
653 895 850 994 scripturis
867 898 1050 996 sapientiae
1066 898 1258 989 affluentia,
1346 976 1349 989 ,

196 1029 391 1113 postquam
402 1011 528 1085 insulae
539 1011 741 1084 Grulandiae
754 1010 1016 1085 ecclesiamxn⁰
1029 1012 1100 1084 kal.
1115 1029 1263 1113 septem·

197 1127 275 1203 bris
287 1128 475 1216 dedicavit,
488 1126 650 1202 eumdem
662 1153 806 1201 servum
812 1128 877 1202 Ilei
888 1129 1065 1228 suscipere
1075 1130 1262 1205 sacerdotii

197 1259 349 1321 stemma
370 1243 569 1318 inviolabili
587 1243 804 1318 obedientiae
820 1261 1004 1345 praecepto
1022 1248 1151 1346 coegit.
1172 1248 1263 1321 Dein

199 1362 245 1437 ad
256 1360 449 1462 prandium
461 1361 644 1460 pontificis
653 1377 795 1434 sanctus
805 1362 863 1433 vir
874 1379 1000 1437 contra
1012 1387 1151 1437 morem
1162 1390 1267 1437 suum

201 1478 326 1553 venire
334 1491 478 1551 coactus
488 1490 553 1550 est.
569 1474 656 1563 Ubi,
670 1473 758 1547 dum
770 1476 998 1576 Wigfridnm
1009 1477 1199 1551 librarium
1213 1480 1268 1550 vi-

200 1591 305 1666 deret
315 1591 442 1692 procul
456 1590 598 1678 sedere,
610 1589 725 1691 coepit
736 1588 782 1663 ab
793 1614 837 1664 eo
851 1592 1036 1691 inquirere
1048 1591 1092 1666 de
1105 1591 1270 1667 hesterna

202 1709 462 1810 promissione,
481 1733 551 1808 qua
569 1707 673 1782 sociis
691 1709 728 1780 in
746 1707 803 1779 via
819 1711 1013 1806 jactaverat
1032 1735 1069 1782 se
1087 1709 1271 1782 examina-

203 1843 329 1907 turum
354 1841 478 1904 utrum
500 1825 594 1898 idem
615 1851 697 1899 veru
719 1825 900 1922 potiretur
924 1852 970 1898 an
995 1826 1158 1899 simulata
1184 1826 1273 1900 reli-

202 1944 328 2044 gione.
353 1943 442 2015 Mox
464 1941 525 2015 ille
548 1938 715 2028 erubuit,
739 1940 889 2040 soloque
909 1957 1109 2040 prostratus
1131 1943 1273 2016 veniam

203 2060 311 2160 petiit
326 2074 364 2135 ct
378 2057 562 2149 obtinuit,
576 2057 715 2131 cunctis
728 2055 943 2129 mirantibus
955 2057 1055 2157 qnod
1069 2057 1217 2132 illorum
1233 2059 1273 2130 in

204 2178 263 2253 via
279 2176 416 2251 locutio
433 2200 498 2274 per
513 2174 681 2273 spiritum
696 2174 777 2247 viro
792 2174 855 2246 Dei
874 2172 990 2248 lucide
1008 2189 1084 2248 tota
1100 2175 1271 2273 patuerit.

256 2293 553 2369 Reverentissima
570 2291 718 2391 Egburg
735 2289 929 2378 abbatissa,
948 2289 1083 2364 Aldulfi
1107 2291 1160 2390 (a)
1182 2296 1275 2390 regis

205 2412 299 2501 filia,
318 2438 383 2511 per
399 2409 554 2510 legatum
567 2409 777 2508 suppliciter
795 2423 966 2508 rogante,
984 2407 1181 2481 Guthlacus
1196 2434 1274 2481 sar-

205 2527 410 2629 cophagum
417 2524 644 2624 plumbeum,
655 2540 690 2598 et
701 2527 738 2598 in
751 2550 794 2598 eo
804 2525 957 2599 linteum
964 2525 1008 2597 ad
1018 2524 1275 2598 involvendum

205 2672 244 2721 sc
256 2660 340 2747 post
352 2643 495 2718 obitum
510 2643 663 2742 suscepit
672 2671 683 2730 ς
701 2658 738 2716 et
753 2643 946 2716 sciscitanti
964 2642 1045 2741 quis
1063 2643 1176 2716 boeres
1191 2657 1275 2743 post

205 2789 245 2839 ac
268 2762 339 2837 loci
363 2761 459 2837 illius
484 2775 573 2834 esset
582 2814 593 2847 ‚
625 2759 740 2833 adbuc
768 2786 946 2861 paganum
971 2786 1044 2834 esse
1070 2759 1270 2861 respondit.

207 2878 317 2973 Quod
333 2879 380 2951 ita
398 2877 617 2951 factumest.
636 2875 728 2950 Nem
740 2877 855 2965 Cissa,
870 2877 933 2978 qui
955 2876 1273 2976 post-euni'sedem

204 3000 284 3096 ejus
298 2995 476 3097 possedit,
490 3008 573 3092 post
587 2992 725 3094 aliquot
743 3019 857 3068 annos
874 2994 912 3066 in
930 2993 1116 3068 Britannia
1132 2992 1272 3094 baptisf

204 3138 311 3189 mum
326 3112 501 3212 percepit.

252 3231 350 3305 Clito
370 3226 604 3317 Edelbaldus,
627 3253 736 3330 quem
759 3227 951 3302 Geolredus
973 3254 1037 3301 rex
1064 3228 1121 3327 (2)
1144 3227 1214 3300 buc
1236 3243 1272 3302 et

205 3345 293 3420 illuc
310 3343 412 3418 valde
429 3340 723 3444 persequebatur,
742 3343 838 3417 inter
853 3338 960 3414 dubia
976 3341 1133 3440 pericula
1150 3342 1270 3428 exina-

205 3461 293 3534 nitis
310 3458 447 3534 viribus
463 3458 535 3532 suis
551 3483 791 3559 suorumque,
812 3456 855 3530 ad
874 3457 993 3528 virum
1011 3457 1099 3549 Dei,
1118 3472 1159 3528 ut
1177 3458 1267 3532 sole·

203 3575 287 3666 bet,
312 3577 431 3664 venit,
458 3590 502 3648 ut
529 3572 593 3647 ubi
617 3573 815 3647 humanum
846 3573 1037 3648 consilium
1059 3572 1264 3664 defecisset,

204 3694 371 3768 divinum
384 3691 530 3766 adesset.
548 3690 664 3786 Quem
676 3689 802 3763 boetus
818 3687 1015 3765 Guthlacus
1031 3687 1162 3764 blande
1176 3716 1267 3764 con·

205 3810 339 3884 solatus
355 3824 427 3898 est,
452 3808 556 3907 eique
581 3834 648 3906 per
672 3804 848 3903 Spiritum
867 3805 932 3880 Ilei
953 3806 1120 3904 promisit
1144 3805 1267 3881 domi-

237 4105 278 4175 (ι)
296 4099 451 4173 Aldnlpbe,
467 4099 510 4154 roi
523 4096 690 4171 d’Fatanglie
704 4094 835 4168 (octono
847 4114 884 4151 ou
896 4093 969 4167 683).

240 4193 280 4262 (c)
297 4188 430 4256 Ceolred,
445 4185 532 4243 roide
546 4181 810 4259 Merciel709716).
