2910 4980
194 456 301 533 [soso]
565 452 681 515 uum
702 452 886 531 Quintus.
1201 457 1262 518 sas

193 572 373 646 liodberti
396 573 537 644 comitis
561 573 623 644 oei
649 572 840 646 Guillelmi
864 576 958 672 tegis
965 626 978 662 ,
1005 573 1086 673 ejus
1109 596 1264 647 concas-

195 698 315 779 sionc,
337 713 404 761 rec
421 688 474 761 eis
493 712 567 761 non
587 688 682 761 tollit
700 694 787 789 quin
808 687 991 775 tattone·
1013 690 1265 764 tantummodo

198 805 295 879 illud
309 803 517 878 nullatenus
532 807 749 897 saisiscant,
766 806 881 879 donec
897 809 934 878 in
952 810 1056 879 cutia
1071 806 1152 906 ejus
1167 830 1268 880 mon-

195 939 308 996 strent
319 922 421 1022 quod
435 921 564 995 babere
580 922 749 996 debcant.
768 922 946 996 Similiter
958 939 992 996 et
1004 923 1109 997 laticis
1118 940 1271 1027 propter

197 1042 265 1115 ltoc
282 1044 457 1144 scn‘ptum
474 1068 540 1113 rec
556 1043 613 1114 nit
632 1042 741 1131 tollit,
761 1042 862 1142 quod
882 1045 922 1114 in
943 1045 1048 1116 cutia
1069 1045 1150 1144 ejus
1168 1069 1267 1115 mon·

196 1179 314 1232 strare
327 1161 466 1260 possint
481 1160 671 1259 episcopos
688 1185 762 1233 non
780 1158 908 1231 debere
924 1157 1055 1232 babere
1063 1192 1081 1246 ;
1100 1175 1267 1235 tantam-

196 1279 308 1351 modo
320 1280 505 1379 episcopos
519 1278 605 1350 inde
618 1304 691 1350 non
704 1277 960 1368 disaisiscant,
978 1277 1096 1351 donoc
1109 1280 1148 1349 in
1161 1280 1267 1351 curia

197 1398 295 1495 regis
313 1411 550 1467 monstratum
570 1400 616 1466 sit
634 1396 736 1495 quod
754 1396 919 1496 episcopi
936 1394 1022 1466 inde
1042 1393 1174 1466 babere
1192 1419 1265 1467 non

197 1510 366 1585 debeant.

245 1629 332 1701 ttaec
357 1628 515 1728 synodus
536 1630 575 1701 in
595 1631 675 1702 vico
697 1628 806 1728 regali
832 1653 930 1701 secus
950 1629 1150 1727 Sequanam
1174 1627 1264 1701 cele·

198 1743 299 1817 brata
320 1760 393 1832 est,
412 1744 475 1817 ubi
498 1746 644 1845 antiqua
662 1745 749 1818 urbs
765 1745 838 1819 fuit
849 1799 860 1834 ‚
879 1771 961 1845 quae
979 1744 1120 1817 Caletus
1141 1743 1187 1817 ab
1205 1746 1266 1818 in-

199 1863 287 1938 cotis
308 1863 402 1936 dicte
421 1879 474 1937 est
495 1865 572 1962 (1);
592 1889 611 1935 a
633 1890 702 1965 qua
721 1866 976 1962 circumjacens
999 1888 1109 1964 pagus
1132 1888 1151 1934 a
1175 1863 1266 1935 mari

197 1980 366 2081 usquein
385 1980 594 2053 Talaucium
610 1981 793 2079 Calcegius
810 2006 923 2080 usque
942 1979 1050 2054 bodie
1068 1979 1267 2079 appellatus

198 2112 265 2170 est.
283 2094 384 2171 Hanc
401 2099 466 2197 (ut
485 2098 522 2170 in
541 2099 697 2199 antiquis
714 2100 965 2171 Romanorum
986 2095 1118 2197 legitur
1133 2097 1266 2196 gestis)

199 2210 304 2284 Caius
318 2210 434 2285 Julius
450 2213 568 2288 Caesar
582 2206 744 2304 obsedit,
767 2227 803 2285 et
823 2236 892 2311 pro
913 2212 1025 2284 nimia
1049 2209 1266 2285 bellatorum

200 2329 445 2406 obstinatione
463 2332 560 2404 intus
581 2331 753 2404 acerrime
774 2329 1054 2430 repugnantium
1074 2326 1265 2402 subvertit.

198 2446 337 2522 Deinde
352 2463 542 2548 postquam
564 2447 682 2523 hostes
702 2446 837 2522 ibidem
858 2446 901 2519 ad
922 2445 1068 2519 libitum
1084 2468 1268 2546 compres-

198 2563 264 2652 sit,
280 2563 500 2636 considerata
516 2564 789 2663 opportunitate
802 2561 893 2648 loci,
910 2561 1117 2659 praesidium
1133 2562 1268 2634 Roma-

197 2704 333 2753 norum
349 2679 499 2779 provide
523 2680 732 2768 constituit,
751 2695 788 2753 et
812 2706 832 2750 a
854 2677 1004 2752 nomine
1026 2696 1092 2751 suo
1113 2677 1268 2751 Juliam-

196 2796 336 2869 Bonam
348 2796 400 2893 (2)
417 2795 546 2895 (quam
560 2793 702 2868 barbari
718 2818 817 2868 nunc
835 2808 1010 2893 corrupto
1020 2794 1169 2868 nomine
1181 2794 1268 2868 llle-

195 2918 335 2988 Bonam
353 2914 589 3012 nuncupant)
610 2912 814 3013 appellavit.

232 3246 272 3316 (ι)
290 3244 330 3301 Ge
342 3261 408 3300 nom
418 3244 454 3299 de
468 3245 581 3299 Baletus
592 3245 731 3320 qu’aurait
742 3247 823 3318 porte
832 3243 965 3299 autrefois
975 3240 1151 3308 Lillebonne,
1162 3241 1268 3296 n’etant

192 3335 308 3408 appuyb
325 3351 380 3407 que
396 3350 445 3388 sun
457 3332 597 3388 l’autorite
613 3335 670 3389 tres
685 3332 779 3406 legere
795 3332 831 3387 de
849 3341 929 3386 notre
948 3341 1057 3398 auteur,
1079 3347 1115 3384 ne
1131 3328 1192 3385 doit
1207 3328 1267 3385 titre

192 3439 265 3497 recu
284 3439 341 3497 qno
360 3439 468 3477 comme
484 3440 540 3478 une
556 3422 715 3495 conjecture
735 3439 790 3496 peu
807 3418 1014 3476 misemblable
1032 3437 1067 3474 en
1083 3417 1266 3488 elle-meme,

191 3513 317 3587 pisisque
327 3511 367 3566 les
379 3512 544 3570 chefe-lieux
556 3513 604 3569 des
616 3514 684 3568 cites
694 3513 730 3568 de
744 3513 770 3567 la
786 3513 877 3568 Gaulo
894 3513 972 3567 n’ont
984 3511 1042 3584 pris
1053 3511 1080 3566 le
1095 3526 1161 3565 nom
1174 3509 1210 3566 de
1221 3528 1267 3567 ces

192 3600 302 3656 memes
314 3600 382 3655 cites
394 3601 458 3673 qu’e
467 3600 596 3675 l'epoque
609 3600 648 3655 du
662 3601 850 3674 Bas-Empire.
861 3597 922 3655 Elle
934 3598 976 3654 eet'
984 3597 1124 3653 d'ailleurs
1132 3602 1266 3655 entouree

190 3689 233 3745 ici
244 3687 280 3744 de
293 3687 379 3744 isbles
395 3688 537 3751 tellement
554 3690 699 3758 absurdas,
720 3692 804 3765 qu'on
819 3708 854 3745 ne
866 3699 947 3744 court
961 3690 1046 3762 gnere
1062 3687 1097 3743 de
1109 3689 1217 3763 risques
1230 3708 1265 3745 eu

189 3775 233 3852 l’y
248 3778 415 3833 thomatem.

230 3869 274 3935 (a)
292 3864 316 3920 ss
327 3872 370 3922 est
381 3866 596 3940 complttement
604 3868 669 3924 faux
677 3885 733 3941 que
744 3868 760 3923 J
763 3867 821 3922 oles
832 3869 918 3924 Cesar
931 3868 970 3922 ait
981 3867 1032 3922 fait
1042 3865 1069 3920 le
1080 3867 1155 3941 siege
1163 3866 1199 3922 de
1209 3867 1266 3923 lil-

191 3954 331 4023 lebonue,
345 3965 443 4030 etque
459 3976 491 4013 ce
510 3958 561 4014 fait
577 3960 632 4014 soit
650 3959 784 4032 contigue
803 3957 872 4014 dans
891 3975 982 4014 aucun
999 3957 1136 4012 historica
1149 3958 1265 4025 ancien3

193 4064 256 4102 non
267 4047 422 4103 seulement
433 4048 454 4103 il
468 4049 511 4103 n'a
525 4067 572 4123 pas
585 4048 670 4105 fonde
683 4049 797 4117 nonen,
811 4050 881 4106 mais
893 4049 914 4105 it
929 4068 965 4106 ne
976 4049 1066 4124 parsit
1082 4066 1143 4123 pas,
1159 4049 1266 4122 d’apree

192 4153 240 4192 aes
251 4135 487 4206 commentaires,
505 4141 573 4213 qu’il
586 4143 625 4195 ait
633 4141 733 4213 jamnis
745 4139 835 4207 misle
847 4140 912 4214 piesl
927 4139 996 4195 dans
1008 4149 1080 4196 cette
1091 4141 1181 4212 partie
1193 4139 1228 4195 de
1241 4139 1271 4202 la,

193 4222 291 4279 Ganle
303 4225 352 4298 qui
365 4227 503 4283 constitae
515 4228 541 4284 le
552 4229 694 4285 territoire
705 4227 853 4284 nonnand.
