2910 4980
421 336 538 402 LIBER
558 334 741 415 QUINTUS.
1062 341 1122 402 ast

90 458 228 534 ›lertem
237 473 273 532 et
285 458 468 547 idoneum,
483 457 528 531 ad
543 458 732 558 regendam
742 458 891 531 domum
903 456 970 531 sihi
983 460 1120 534 socium

90 573 181 674 egit,
196 572 321 671 illique
335 575 612 673 praeposituram
629 571 834 646 monasterii
852 574 905 645 sui
924 575 1117 648 commisit.

93 690 128 763 io
141 716 270 789 nempe
286 691 456 765 Fulconis
471 691 593 763 denam
618 687 847 762 Ebroicensis
864 688 959 762 filius
974 689 1062 780 fuit,
1082 707 1119 766 et

90 832 98 878 ι
111 805 240 880 ordine
253 805 416 906 flagrans,
431 803 597 878 abbatem
614 831 718 877 suum
731 804 923 905 diligenter
940 805 978 877 in
996 808 1120 880 omni-

90 946 126 994 us
140 921 294 1021 adjuvit3
314 939 451 1021 patrem
465 948 611 1022 quoque
624 947 746 1010 suum,
762 947 998 1022 magnamque
1011 922 1121 1021 patri·

90 1036 171 1110 onii
191 1039 244 1108 sui
262 1053 400 1137 partem
419 1037 575 1112 ecclesiae
592 1062 664 1109 suae
683 1037 843 1108 attraxit.
864 1037 1038 1110 Praefatus
1054 1038 1121 1111 de·

90 1179 168 1227 mus
183 1179 226 1226 ex
239 1153 421 1254 discipulis
438 1154 598 1228 Fulberti
617 1153 844 1227 Garnotensis
861 1154 1016 1253 episcopi
1035 1154 1117 1244 fuir,

90 1296 149 1345 sex
161 1288 307 1371 paterna
321 1270 528 1347 haerediuae
541 1270 688 1346 feudum
700 1271 825 1344 militis
837 1271 1004 1371 possedit.
1020 1272 1120 1344 lllius

90 1387 165 1459 iam
181 1388 352 1487 temporis
366 1392 440 1461 ritu
457 1387 617 1463 nobilem
633 1389 765 1461 sociam
779 1388 926 1462 nomine
940 1388 1119 1462 Orieldem

90 1499 183 1573 ibuit
201 1503 272 1599 (r),
297 1529 341 1576 ex
357 1530 426 1602 qua
445 1505 625 1601 copiosam
647 1502 788 1602 prolem
807 1505 1002 1603 generavit.
1027 1505 1119 1578 Octo

90 1615 154 1689 tim
173 1614 266 1689 filios
281 1614 407 1689 hahuit
424 1632 460 1691 et
476 1617 560 1690 duas
574 1617 683 1708 filias,
703 1642 860 1718 quorum
876 1619 1024 1691 uomina
1042 1617 1118 1692 haec

90 1746 143 1803 int
160 1760 170 1803 ε
190 1729 390 1821 Guarinus,
410 1731 649 1823 Christianus,
667 1733 858 1823 Radulfus,
884 1734 1116 1825 Guillelmus‚

90 1845 183 1935 uloo,
200 1847 470 1937 frodmundus,
492 1849 674 1923 Hubertus
698 1867 735 1923 et
757 1848 954 1937 Galterius,
979 1876 1119 1950 cogno-

90 1980 184 2038 ento
201 1964 355 2038 'l'irellus
378 1967 452 2065 (ης
476 1966 606 2041 Alwisa
623 1982 660 2038 et
677 1964 842 2038 Adelidis.
862 1967 965 2038 Tunc
985 1967 1120 2065 quippe

90 2078 278 2153 ,Neustria
297 2096 379 2178 post
396 2081 588 2155 adventum
605 2079 900 2156 Normannorum
922 2080 959 2153 in
979 2095 1120 2154 tantum

90 2194 227 2270 stolata
244 2211 320 2269 erat
337 2196 475 2269 castitas
491 2197 723 2284 clericorum,
740 2211 782 2268 ut
799 2222 874 2269 non
892 2196 1009 2269 solum
1025 2223 1120 2296 pres·

90 2311 197 2400 steri,
212 2312 388 2384 sedetiam
402 2311 570 2410 praesules
584 2309 695 2385 libere
707 2326 898 2384 uterentur
909 2310 1023 2384 thoris
1034 2338 1119 2386 con·

90 2424 286 2516 thinarum,
303 2443 339 2499 et
350 2426 466 2526 palam
476 2425 703 2525 superbirent
717 2426 908 2525 multiplici
922 2428 1119 2526 propagine
1198 2483 1204 2505 ,»

91 2542 216 2617 iorum
234 2570 274 2615 ac
295 2542 463 2615 filiarum.
483 2542 735 2640 Hujuscemodi
753 2569 832 2618 mos
856 2543 1005 2618 inolevit
1022 2561 1118 2619 tem-

90 2683 146 2733 tre
155 2657 438 2759 neophytorum,
450 2661 513 2759 qui
527 2685 609 2731 cum
620 2659 775 2733 Rolloue
788 2658 956 2759 baptizati
970 2677 1070 2753 sunt,
1081 2677 1117 2735 et

90 2774 250 2849 arctatam
261 2776 465 2874 regionem,
482 2799 557 2848 non
570 2775 717 2864 litteris,
734 2773 793 2848 sed
805 2776 912 2847 armis
928 2778 1115 2866 instructi,

90 2889 234 2965 olenter
251 2891 469 2965 invaserunt.
490 2891 627 2966 Deinde
641 2892 842 2993 presbyteri
859 2891 903 2967 de
920 2896 1031 2994 stirpe
1047 2895 1118 2968 Da-

90 3033 197 3097 uum,
209 3009 338 3083 litteris
349 3011 506 3084 tenuiter
519 3008 655 3101 edocti,
670 3009 875 3110 parrochias
888 3011 1071 3102 tenebant,
1083 3028 1120 3086 et

90 3149 155 3197 ma
166 3123 341 3216 ferentes,
359 3126 518 3199 laicalem
534 3125 683 3200 lendum
698 3127 845 3199 militari
863 3127 1037 3200 famulatu
1053 3129 1118 3202 de-

90 3237 264 3313 ndehant.
278 3241 438 3315 Tandem
451 3242 576 3315 Bruuo
585 3241 837 3342 Lotharingus,
853 3242 1030 3316 Tullensis
1041 3245 1118 3343 epi-

90 3381 203 3456 opus,
227 3358 376 3429 Romam
394 3361 522 3432 ascitus
541 3376 613 3447 est,
631 3362 778 3460 Deoque
799 3359 1024 3459 dispensante
1045 3364 1117 3435 leo

90 3637 229 3710 (1)Cette
246 3638 345 3712 phrase
364 3640 471 3712 signilie
489 3641 552 3713 qu'a
572 3641 698 3715 l'e'poque
715 3643 753 3696 οὺ
771 3642 853 3696 vivait
872 3641 1009 3718 Foulques
1028 3645 1063 3698 1⁸¹
1081 3645 1117 3700 de

90 3726 268 3795 asmauvitte,
291 3727 331 3782 les
348 3729 497 3784 chanoines
512 3748 546 3785 ne
564 3749 593 3785 se
611 3732 752 3803 croyaient
770 3730 921 3788 nullement
937 3736 1066 3790 astrelnts
1081 3755 1118 3791 au

90 3814 167 3872 libat.

92 3906 132 3975 (a)
150 3901 175 3958 Il
192 3922 227 3958 ne
249 3903 308 3960 lant
324 3924 373 3978 pas
392 3907 543 3962 consondre
561 3927 591 3962 ce
613 3925 782 3982 personnage
802 3928 865 3964 avec
884 3929 932 3964 son
950 3912 1118 3984 homonyme

90 3994 178 4052 saner.
186 3995 285 4067 Tyrel,
297 3995 441 4051 deuxieme
450 3997 489 4050 du
502 4015 576 4066 nom,
588 3999 717 4070 seigneur
729 4000 764 4054 de
776 4001 853 4068 Pois,
869 4003 953 4075 qu'on
964 4004 1034 4058 croit
1042 4006 1118 4058 avoir

90 4080 144 4137 tle
155 4084 305 4139 meurtrier
318 4085 499 4140 involuntairc
511 4086 546 4141 de
558 4086 864 4144 Guillaume-le-Rour.
