2910 4980
204 397 410 474 [ron-rore]
563 392 682 455 nent
702 390 896 475 Qntrrns.
1209 397 1270 457 aar

203 512 276 589 aib’t
299 511 501 585 flandriam
528 506 670 612 subegi!
694 527 732 584 et
758 510 832 585 lere
858 534 934 583 xxx
959 512 1061 582 annis
1087 511 1266 609 possedit,

203 627 469 727 amicitiamque
485 625 642 726 Philippi
660 606 753 727 rigis
767 627 990 741 Francorum
1005 624 1109 701 facile
1125 652 1267 725 prome·

202 742 278 815 ruit
298 742 373 843 (r).
400 740 469 841 lpti
493 752 635 840 nempe
645 732 823 840 maj0ium
845 738 985 841 origine
1009 756 1113 814 erant
1135 766 1265 817 coneo-

203 857 301 933 brini
311 850 374 946 fet
390 855 498 935 ambo
511 860 682 958 eonjuges
695 855 873 931 habebant
889 856 978 930 filias
990 858 1165 931 Florentii
1180 860 1265 933 Fre·

200 973 346 1049 tionum
367 971 558 1062 marchisi,
587 987 622 1048 et
648 971 712 1058 filii
740 997 866 1046 eorum
893 972 1039 1044 vinculo
1061 970 1263 1071 hujusmodi

199 1086 472 1162 necessitudinis
482 1058 678 1187 dluclrsque
689 1101 861 1161 tenentur
870 1068 1135 1185 constrictii2).
1149 1088 1264 1163 Porro

198 1200 299 1279 inter
312 1204 542 1279 normannos
554 1218 592 1280 et
607 1203 807 1277 Flandritaa
823 1202 978 1277 recidiva
993 1204 1164 1279 dissentio
1180 1233 1265 1306 pro-

196 1318 287 1407 diit,
312 1337 350 1393 et
375 1290 531 1421 prdpter
556 1346 680 1394 necem
707 1319 829 1393 fratris
854 1321 1011 1420 reginae,
1038 1320 1265 1425 aliorumque

194 1436 380 1527 affinium,
403 1448 442 1517 et
463 1428 614 1513 maxime
636 1463 706 1538 pro
729 1463 812 1510 casu
832 1437 1014 1511 Gnillelmi
1035 1440 1176 1513 comitis
1199 1439 1262 1513 diu

192 1555 420 1653 perduravit.
439 1554 608 1628 Turbatis
626 1555 663 1627 in
681 1553 903 1665 Normpnnia
921 1554 1028 1641 rebus
1044 1582 1107 1629 rex
1122 1556 1261 1658 Angtiae

191 1680 350 1771 mutam
374 1673 512 1772 optime
535 1671 730 1772 disposuit,
758 1662 798 1744 et
819 1672 893 1773 ipae
918 1673 955 1744 in
978 1672 1237 1748 Norntanniam
1248 1730 1261 1764 ,

191 1776 240 1862 πί
259 1786 394 1864 ibidem
417 1791 538 1863 omnia
559 1804 658 1864 recte
676 1788 872 1863 et'utiliter
895 1789 1099 1878 edomaret,
1125 1819 1262 1892 prope-

191 1905 304 1980 ravit.
322 1894 461 1980 ''Audito
483 1905 644 2007 undique
664 1908 757 2007 regis
780 1907 935 1979 adventu
964 1908 1059 2006 pacis
1086 1926 1262 1984 amatores

191 2017 437 2109 inuitauit,
459 2020 520 2094 ted
542 2020 608 2094 filii
631 2018 819 2095 discordiae
836 2036 873 2096 et
893 2021 981 2095 foedi
1003 2023 1194 2097 sceleribus
1217 2051 1260 2097 ex

192 2130 414 2251 efficientia
425 2163 581 2239 nequam
592 2137 803 2213 adveniente
814 2137 935 2212 ultore
945 2155 1258 2214 contremuerunt.

190 2252 306 2381 'lippe
335 2254 632 2331 Nortninnorum
662 2270 699 2329 et
727 2255 1080 2330 cenomannensium
1109 2261 1260 2356 maj0res

190 2370 444 2473 cdtigregavit,
468 2370 653 2448 at'omncs
672 2371 715 2445 ad
738 2395 861 2471 pacem
883 2385 921 2446 et
932 2373 1109 2470 justitiam
1134 2389 1260 2447 tenen-

190 2476 277 2563 Μ
299 2487 408 2589 pegali
433 2485 578 2561 hortatu
602 2485 865 2561 corroboravit.
892 2487 1088 2586 Episcopos
1113 2514 1260 2589 quoque

189 2584 504 2677 ct'lacdleeiasticoa
518 2605 615 2676 viros
636 2602 825 2676 admonuit
843 2619 884 2674 ut
898 2601 991 2676 benc
1008 2604 1194 2692 viverent,
1218 2622 1260 2677 ut

190 2710 309 2817 legem
330 2718 394 2793 Dei
407 2720 543 2819 jugiter
563 2719 808 2808 revolverent,
830 2735 872 2792 ut
886 2718 1056 2813 Ecclesiae
1075 2702 1139 2792 Ilei
1156 2747 1260 2794 com-

188 2836 356 2911 muniter
370 2841 620 2926 consulerent,
636 2854 678 2909 ut
688 2804 1050 2933 subditorumlffiree
1062 2837 1258 2912 secundum

190 2952 280 3027 acite
295 2978 478 3028 canonum
496 2956 741 3055 corrigerent,
765 2969 802 3029 et
817 2936 1058 3030 omnedcaute
1075 2974 1256 3056 regerent.

231 3044 310 3142 id.
326 3069 435 3147 nnnc
448 3070 617 3187 igiturnab
631 3072 883 3145 incarnatione
899 3072 1045 3145 Domini
1059 3085 1101 3145 n⁰
1116 3084 1198 3145 txx⁰
1213 3085 1257 3146 11⁰

192 3201 450 3293 congregatum
459 3203 512 3263 eat
529 3186 724 3262 concilium
736 3189 774 3262 in
791 3189 1068 3287 metropolitana
1085 3192 1257 3264 Rotoma-

190 3298 309 3402 genais
318 3302 420 3377 urbis
428 3306 522 3394 sede,
536 3306 575 3378 in
588 3303 729 3378 basilica
739 3305 854 3379 beatae
864 3322 901 3378 et
911 3305 1078 3405 gloriosae
1088 3306 1151 3379 Ilei
1161 3308 1258 3404 geni-

228 3604 267 3678 (ι)
287 3604 472 3661 Robert-le-l’
472 3607 548 3662 rison
560 3608 673 3676 n'avait‚
689 3625 796 3663 comme
807 3624 877 3662 noue
887 3607 1054 3674 Pavonem,
1072 3609 1157 3662 rieni
1170 3626 1198 3662 ae
1211 3627 1256 3663 re-

193 3692 314 3764 pmcher
323 3692 392 3749 dant
403 3693 429 3748 la
442 3706 516 3751 mort
525 3695 560 3752 de
569 3714 619 3751 ron
631 3695 720 3763 iriae,
734 3695 808 3750 iln’a
816 3696 897 3769 point
904 3696 1020 3769 poaaede
1030 3697 1056 3752 la
1065 3696 1185 3753 Flandre
1195 3700 1257 3772 pres

193 3780 229 3837 de
240 3791 333 3838 trente
344 3801 409 3852 ana,
426 3786 495 3839 maia
506 3783 658 3841 seulement
671 3785 750 3860 vingt
763 3796 843 3841 etun
856 3789 926 3840 ans?

225 3872 266 3943 (a)
283 3872 336 3928 Cea
348 3872 421 3929 deux
434 3875 544 3947 princes
554 3876 685 3930 n'etaient
697 3877 777 3949 point
789 3875 985 3932 teani-freres.
998 3877 1128 3951 Philippe
1141 3878 1174 3931 l“
1185 3878 1256 3932 avait

192 3963 294 4034 &ponte
306 3963 422 4032 Berthe,
437 3964 491 4019 lille
504 3965 539 4019 de
551 3965 722 4032 Floreutl“,
738 3977 828 4021 comte
838 3966 873 4020 de
886 3967 1037 4036 Hollande‚
1051 3980 1079 4024 et
1094 3967 1256 4023 liobert-lc-

194 4049 290 4108 Friton
301 4054 444 4110 Gertrude
453 4055 488 4110 (le
497 4056 578 4121 Sane,
591 4075 675 4112 venre
686 4056 722 4111 de
736 4076 766 4112 cr
781 4057 918 4129 seigneur,
933 4066 961 4111 et
974 4057 1136 4112 belle-mire
1145 4057 1180 4112 dc
1191 4058 1256 4112 Plri-

194 4137 274 4212 lippe.
