2910 4980
120 418 328 498 [loto-1057]
494 418 611 481 LIBER
631 419 811 485 TERTIUS.
1148 435 1184 493 51

120 555 196 613 tam
216 535 356 615 orando
375 563 483 640 quam
506 539 716 630 scribendo,
736 543 793 617 vel
816 543 883 616 alia
906 543 1002 620 bona
1024 549 1188 627 faciendo

120 652 374 756 consurgebat.
389 657 463 729 Pro
476 652 679 755 hujusmodi
692 656 818 731 studiis
834 686 853 733 a
867 661 1082 762 quibusdam
1095 666 1187 742 blas·

118 772 359 874 phemabatur
382 771 589 862 monachis,
614 775 676 874 qui
702 776 901 852 mundiales
929 806 1032 854 curas
1057 783 1189 859 divinis

119 888 384 992 praeponebant
395 889 532 965 officiis.
547 891 645 965 Proh
657 890 782 967 dolori
799 895 896 969 unde
909 895 1013 971 illum
1025 904 1187 974 venerari

118 1007 314 1096 debebant,
325 1004 408 1081 inde
418 1007 531 1107 magis
544 1006 597 1078 illi
610 1006 859 1082 detrahebant.
874 1011 1051 1086 Dicebant
1064 1017 1182 1090 enim:

121 1126 227 1198 Talis
243 1124 351 1198 bomo
366 1150 440 1197 non
454 1122 560 1196 debet
576 1122 692 1199 abbas
709 1152 804 1215 esse,
825 1129 892 1226 qui
906 1132 1098 1206 exteriores
1120 1160 1188 1207 eu-

119 1267 181 1315 rus
195 1241 326 1329 nescit,
344 1240 580 1341 negligitque.
597 1239 703 1312 Unde
714 1243 833 1315 uiuent
845 1261 1020 1334 oratores,
1034 1249 1071 1318 si
1083 1245 1188 1349 deffe-

115 1361 233 1432 cerint
255 1355 451 1430 aratores?
482 1357 668 1456 Insipiens
696 1373 750 1429 est
778 1362 841 1457 qui
861 1359 951 1460 plus
983 1366 1123 1463 appetit
1150 1369 1189 1438 in

117 1477 281 1548 clmsstro
299 1473 418 1574 legere
433 1474 494 1547 uel
507 1472 678 1563 seribere,
699 1500 812 1573 quom
828 1475 1099 1572 undesratrum
1118 1487 1189 1555 uio-

117 1610 176 1665 tus
199 1590 421 1664 exhibeatur
438 1615 654 1691 procurare.
680 1589 766 1662 llaec
790 1589 909 1691 itaque
929 1608 967 1665 ct
987 1593 1042 1667 his
1059 1595 1187 1670 similia

116 1709 268 1810 quridam
287 1705 432 1808 superbi
456 1705 642 1793 dicebant,
666 1722 704 1778 et
724 1732 827 1781 servo
850 1709 918 1780 Dei
942 1708 1063 1808 plures
1088 1712 1187 1812 inju.

114 1829 188 1899 rias
204 1822 422 1899 inferebant.
440 1823 507 1897 Sed
524 1821 739 1896 Willermus
756 1820 851 1896 lilius
863 1823 988 1899 Geroii
1001 1853 1071 1926 pro
1084 1856 1186 1902 sanc-

116 1943 221 2016 titate
244 1946 319 2042 ejus
341 1967 425 2015 eum
450 1965 590 2039 semper
608 1937 844 2027 observabat,
868 1957 904 2013 et
930 1944 1107 2017 tumultus
1129 1947 1184 2020 in·

115 2061 342 2162 surgentium
374 2059 390 2157 (
399 2083 491 2158 quos
518 2055 576 2131 hic
605 2057 795 2131 nominare
820 2057 932 2155 nolo)
963 2066 1183 2159 competenti

117 2177 305 2251 severitate
329 2172 601 2276 compescebat,
629 2188 736 2273 atque
760 2197 829 2272 pro
851 2173 932 2245 viro
959 2175 1026 2247 Dei
1056 2193 1183 2253 contra

115 2321 243 2370 omnes
259 2293 421 2396 querelas
438 2292 535 2365 intus
551 2305 588 2362 et
606 2289 694 2363 loris
711 2289 899 2363 ratiocinia
917 2307 1087 2392 prompte
1104 2292 1184 2368 red-

112 2411 235 2487 debat.
252 2417 337 2485 Post
352 2409 492 2516 aliquot
509 2404 682 2505 temporis
703 2404 875 2504 praefatus
895 2405 1001 2480 heros
1021 2434 1090 2506 pro
1105 2413 1182 2482 uti-

113 2527 277 2604 litatibus
295 2525 474 2602 Uticensis
497 2523 654 2597 ecclesiae
678 2523 716 2594 in
738 2521 908 2622 Apuliam
927 2525 979 2597 ire
999 2523 1176 2616 decrevit;

112 2674 189 2751 quo
207 2646 378 2732 abeunte,
398 2669 466 2718 nec
480 2639 713 2743 postmodum
728 2639 920 2729 redeunte,
935 2641 993 2713 vir
1003 2642 1068 2717 Dei
1083 2645 1178 2718 Teo-

109 2767 252 2840 dericus
272 2763 310 2836 in
332 2758 555 2835 Normannia
570 2756 671 2830 valde
686 2755 863 2830 desolatus
879 2759 1064 2832 remansit.

162 2883 263 2955 Sicut
278 2878 387 2954 bonis
398 2875 500 2950 valde
515 2874 680 2973 displicet
691 2873 765 2944 vitu
778 2871 957 2946 malorum
965 2927 977 2961 ,
989 2875 1041 2948 sic
1056 2879 1175 2975 pravis

106 2998 274 3075 moribus
292 2994 409 3098 gravis
431 3016 503 3066 esse
523 2989 615 3064 solet
635 2988 708 3060 vita
731 2987 927 3061 bonorum.
951 2987 1057 3064 Unde
1082 2993 1175 3065 sicut

106 3117 201 3193 boui
212 3112 337 3187 divino
351 3109 481 3210 spiritu
496 3105 707 3179 inllummati
724 3128 853 3202 pravos
865 3101 910 3176 ad
919 3105 1174 3181 rectitudinem

105 3233 233 3308 multis
248 3229 364 3304 modis
379 3225 524 3300 student
544 3222 712 3309 incitare,
729 3222 780 3293 sic
796 3221 953 3320 perversi
974 3221 1174 3299 daemonica

105 3347 329 3449 malignitate
348 3343 505 3444 instigati
528 3355 644 3414 rectos
665 3337 710 3410 ad
730 3338 943 3437 pravitatem
963 3338 1173 3440 frequenter

105 3446 279 3543 nituntur
298 3465 500 3536 incurvare.
518 3460 568 3530 Et
583 3455 748 3558 quamvis
764 3481 824 3528 eos
840 3481 916 3528 non
935 3458 1074 3555 possint
1090 3458 1172 3533 lun-

104 3584 201 3658 ditus
217 3596 468 3683 prosternere,
489 3598 756 3672 nonnunquam
773 3588 892 3644 tamen
908 3572 1028 3645 solent
1048 3601 1108 3649 eos
1133 3577 1169 3650 in

104 3702 160 3775 via
181 3700 247 3774 Dei
273 3696 505 3800 perturbere,
531 3689 750 3789 diversisque
770 3687 886 3760 modis
903 3690 1066 3764 vexando
1087 3694 1171 3794 ple.

103 3842 259 3920 rumque
285 3816 324 3891 in
350 3811 560 3915 operatione
585 3821 705 3881 sancta
730 3804 905 3880 tardiores
934 3807 1083 3884 efficere.
1111 3812 1170 3887 Sic

103 3935 251 4039 quidum
270 3931 409 4013 infandi
427 3928 608 4013 homines,
627 3925 715 3999 dnm
726 3923 905 3998 Uticensis
922 3924 1066 4000 ecclesia
1083 3954 1171 4007 con-

102 4069 284 4156 surgeret,
298 4066 335 4127 et
352 4052 389 4127 iu
404 4048 511 4122 bonis
526 4041 697 4145 operibus
712 4057 813 4115 aucta
828 4067 950 4115 coram
964 4043 1039 4119 Deo
1054 4062 1092 4119 et
1105 4045 1170 4124 ho-

101 4173 262 4249 minibus
278 4169 485 4270 effulgeret,
499 4176 693 4263 coeperunt
714 4160 825 4232 varias
841 4159 1063 4236 simultatum
1081 4190 1169 4238 cau-
