2910 4980
564 359 681 421 LIBER
703 358 888 434 QUINTUS.
1199 361 1260 424 ⁴15

188 477 390 578 Pantulfus
408 497 441 551 et
453 478 567 578 Hugo
580 476 626 551 de
638 477 836 554 Mesdurid
846 478 921 576 (1),
941 477 1081 577 aliique
1096 477 1259 552 homines

190 599 264 671 mei
288 597 462 669 lzuctenus
489 610 617 669 sancto
642 593 800 692 Ebrulfo
829 594 868 667 in
897 593 1039 693 Anglia
1061 619 1125 668 seu
1155 595 1261 670 Nor-

191 715 344 789 mannia
372 711 560 784 dederuut.
586 711 681 784 Hoec
704 713 846 800 omnio,
872 710 1150 792 concedentibus
1162 713 1261 807 filiis

192 835 281 906 meis
298 831 453 905 Roberto
471 829 518 902 de
530 829 702 903 Bellismo
721 847 755 901 et
765 829 924 929 Hugonc
943 846 1052 929 atque
1063 828 1260 931 Philippo,

183 977 258 1054 pro
277 949 524 1050 redemptione
541 949 677 1020 auimce
696 974 785 1019 mece
804 963 838 1018 et
851 948 1023 1018 Mabittae
1042 973 1089 1018 ac
1107 946 1262 1020 Adetat-

191 1067 251 1139 dis
277 1067 476 1165 conjugum
499 1090 678 1154 meorum,
703 1089 933 1162 meorumque
948 1061 1263 1172 prcedecessorum

192 1201 302 1282 atque
301 1181 513 1284 futurorum
520 1180 718 1272 haeredum,
729 1183 767 1254 in
777 1200 969 1280 conspectu
976 1183 1050 1253 Dei
1057 1183 1112 1254 sic
1122 1208 1262 1272 annuo,

193 1316 227 1372 et
241 1299 310 1372 ltoe
327 1315 578 1371 testamentum
590 1303 696 1398 signo
712 1315 849 1371 sanctae
867 1300 995 1371 Crucis
1010 1299 1205 1392 corfirmo,
1225 1315 1265 1371 ut

194 1418 412 1515 quicumque
429 1414 577 1513 aliquid
593 1440 640 1486 eo:
658 1415 714 1488 liis
733 1415 974 1503 imminuerit,
1002 1416 1187 1513 infregerit
1206 1416 1265 1488 uel

194 1532 403 1622 abstulerit,
424 1533 619 1605 anatliema
636 1536 694 1607 sit.

245 1652 322 1724 Hoc
345 1651 465 1749 itaque
488 1663 741 1722 testamentum
759 1649 933 1748 Rogerius
957 1675 1075 1722 comes
1092 1650 1201 1738 fecit,
1224 1677 1264 1722 ac

195 1763 457 1840 subscribendo
480 1764 750 1854 corroboravit,
775 1781 914 1865 etpost
935 1792 1018 1839 eum
1039 1765 1134 1865 apud
1149 1767 1261 1841 Alen-
1357 1809 1361 1815 ·

197 1884 340 1957 cionem
366 1880 655 1981 subscripserunt
677 1881 743 1953 filii
769 1886 843 1980 ejus
872 1879 1077 1955 teodbertus
1101 1899 1137 1956 et
1160 1885 1267 1985 Hugo

196 2016 305 2100 atque
327 1996 513 2096 Philippus
536 1995 809 2096 grammaticus,
833 1996 965 2097 aliique
988 2022 1157 2096 proceres
1180 1999 1232 2071 sui
1257 2031 1265 2071 ε

199 2113 404 2191 ruodbertus
419 2112 591 2188 Tedbaldi
607 2112 721 2202 filius,
743 2129 781 2186 et
792 2115 902 2214 Hugo
923 2113 1018 2188 filius
1038 2117 1133 2214 ejus,
1157 2114 1269 2190 Gisle-

198 2234 323 2308 bertus
350 2232 576 2306 conestabilis
595 2247 631 2306 et
656 2234 761 2333 Hugo
777 2233 932 2333 Turgini
952 2232 1048 2305 filius
1059 2286 1071 2325 ,
1092 2234 1119 2305 F
1123 2233 1205 2308 ulco
1225 2235 1270 2308 de

200 2355 292 2426 Piuo
320 2353 375 2450 (2)
405 2368 442 2424 et
471 2349 711 2451 Engelbertus
738 2350 973 2450 praepositus,
1005 2350 1199 2424 Rainaldus
1226 2350 1271 2425 de

201 2468 316 2542 Bailol
333 2484 370 2540 et
386 2467 600 2541 Guiiielmus
611 2466 813 2557 Pantulfus,
831 2467 911 2541 0d0
924 2468 968 2541 de
981 2468 1122 2559 Pireto,
1139 2469 1271 2571 aliique

202 2588 336 2686 plures.

252 2703 536 2777 XIV.Praeterea
546 2702 848 2802 Rogeriuseomes
856 2703 967 2774 multa
976 2700 1272 2778 deditaliiseccle·

204 2821 263 2892 siis
277 2851 285 2890 :
298 2819 535 2909 Troarnensi,
551 2819 723 2920 Sagiensi‚
739 2818 1011 2908 Almaniscensi,
1027 2821 1270 2912 cluniacensi,

205 2936 438 3027 cadomensi,
456 2934 604 3036 aliisque
621 2935 805 3035 plurimis,
820 2934 864 3010 de
879 2938 1033 3036 acceptis
1050 2936 1271 3028 honoribus,

205 3080 296 3155 quos
316 3052 361 3125 de
385 3069 533 3151 paterna
553 3051 761 3126 haereditate
782 3079 859 3128 nou
881 3070 935 3127 est
957 3052 1119 3151 adeptus.
1142 3054 1275 3129 Coeno·

205 3171 308 3243 bium
325 3196 470 3272 quoque
485 3194 639 3258 novum,
656 3169 700 3242 ad
719 3170 931 3244 orientalem
950 3186 1093 3269 portam
1115 3173 1275 3271 propriae

207 3286 330 3361 urbis:
347 3288 382 3359 id
395 3302 447 3360 est
458 3284 726 3361 Scrobesburiae
742 3287 817 3386 (3),
838 3288 877 3359 in
894 3285 1033 3360 honore
1050 3287 1162 3359 sancti
1177 3288 1274 3361 Petri

207 3405 382 3505 principis
396 3403 659 3503 Apostolorum
674 3405 786 3504 eoepit
804 3402 981 3479 aedificare
998 3430 1106 3504 super
1123 3404 1275 3480 fluvium

245 3766 284 3834 (ι)
303 3764 380 3818 Nous
389 3781 472 3819 avons
484 3783 520 3819 vu
530 3764 665 3820 ci-dessus
679 3763 840 3821 Guillausne
852 3763 979 3821 Pantoul.
991 3795 1026 3808 -
1039 3767 1155 3841 Hugues
1167 3767 1202 3825 de
1214 3768 1277 3823 Me·

211 3854 282 3908 davi.

247 3957 285 4027 (α)
303 3955 517 4011 Probablement
527 3956 553 4012 le
566 3958 633 4026 Pin,
645 3966 724 4012 entre
733 3955 879 4029 Mortagne
888 3967 916 4012 et
928 3956 1056 4012 Bellene.

248 4056 287 4129 (3)
306 4058 533 4130 AShrewshury.
