2910 4980
191 417 398 493 [ross-ross]
560 412 677 474 cinna
696 411 874 475 rnunus.
1193 406 1251 476 '113

190 533 326 633 potuit.
346 529 770 632 Tandemmaguanimus
788 532 862 604 dux
877 532 1020 630 Hugoni
1037 530 1082 604 de
1098 529 1255 605 Grente-

192 647 387 743 maisnilio,
394 650 457 748 qui
470 647 591 721 audaci
603 645 783 749 probitate
795 664 830 720 et
843 647 1041 746 dapsilitate
1052 649 1255 747 praecipuus

193 779 290 854 erut,
311 762 464 840 consilio
488 763 633 865 bogerii
658 762 703 836 de
725 763 1078 855 Monte-Gomerici‚
1101 765 1163 862 qui
1185 763 1255 835 sibi

116 959 118 962 .
193 881 303 954 nimis
317 881 445 954 vicinae
460 872 669 983 fustitudini
684 884 759 979 ejus
775 881 973 970 invidebat,
993 881 1098 981 eique
1113 880 1256 953 scanda-

194 997 278 1097 lum*
296 992 471 1097 qualibet·
486 1006 563 1073 arte
589 997 645 1071 rel
675 1006 806 1072 euentu
830 1014 1044 1096 praestruere
1071 997 1256 1096 cupiebat,

195 1112 411 1214 praedictum
428 1114 601 1215 oppidum
620 1141 702 1187 cum
718 1113 876 1189 Geroldo
893 1113 1054 1212 dapifero
1070 1139 1262 1186 commen-

195 1226 312 1318 davit,
331 1244 369 1302 et
382 1228 609 1303 medietatem
626 1227 736 1302 dedit.
753 1228 800 1300 At
818 1226 877 1300 ille
894 1229 1085 1301 tuitionem
1100 1227 1261 1325 praefutae

197 1344 414 1419 munitionis
431 1361 614 1446 gratanter
631 1347 807 1444 suscepit,
835 1346 982 1447 Deoque
1001 1348 1149 1444 juvante
1167 1345 1263 1417 intra
1344 1372 1347 1378 ·

200 1484 316 1535 unum
331 1486 469 1534 aunum
486 1461 576 1536 duos
591 1460 857 1537 belvacensium
878 1460 1052 1533 maximos
1072 1452 1262 1558 optimates

200 1576 315 1677 cepit,
332 1563 610 1679 conterritisque
620 1578 766 1679 reliquis
778 1577 940 1651 hostibus
951 1592 1065 1650 totum
1077 1574 1263 1675 regionem

201 1690 321 1789 inille
338 1693 480 1767 climate
495 1693 707 1793 pacificavit.
783 1690 786 1694 ’
830 1754 832 1759 ,

222 1876 225 1881 .
245 1807 535 1885 Boio-Mercato
551 1827 707 1911 quatuor
725 1814 887 1886 canonici
906 1813 1086 1888 ecclesiam
1110 1813 1148 1884 S.
1167 1812 1265 1885 Petri

201 1924 353 2026 apostoli
368 1924 617 2024 possidebant,
631 1928 692 2001 sed
707 1929 772 2002 Dei
791 1929 929 2000 cultum
944 1928 1167 2028 negligenter
1183 1953 1265 2024 age-

201 2043 306 2139 bant,
326 2041 507 2143 vitamque
530 2070 628 2119 suam
652 2046 810 2118 multum
834 2044 1050 2117 saeculariter
1068 2043 1261 2116 ducebant.

202 2155 306 2259 Unde
317 2160 569 2257 mgnanimus
584 2161 688 2259 Hugo
703 2161 949 2248 medietatem,
968 2187 1050 2260 quae
1073 2157 1139 2231 sibi
1162 2185 1266 2233 com-

201 2271 367 2373 petebat,
387 2275 564 2365 ecclesiae,
590 2274 774 2349 monachis
790 2279 827 2349 S.
847 2274 991 2348 Ebrulfi
1011 2277 1186 2351 concessit
1204 2275 1266 2346 tali

201 2403 329 2469 tenure
338 2444 350 2480 ,
371 2406 412 2465 ut
427 2391 515 2464 dum
530 2407 648 2466 morte
662 2392 716 2466 vel
730 2393 801 2465 alio
820 2391 984 2491 quolibet
1003 2415 1084 2463 casu
1101 2391 1278 2463 canonici*

202 2498 415 2596 deficerent,
435 2507 602 2583 monachi
620 2508 861 2581 succederent.
882 2507 989 2601 Quod
1004 2522 1041 2580 et
1063 2507 1111 2578 ita
1128 2506 1267 2580 factum

202 2638 266 2695 cst.
297 2621 391 2695 Nem
419 2622 558 2696 duobus
586 2625 788 2712 canonicis,
816 2625 878 2724 qui
908 2625 945 2695 in
974 2638 1075 2722 parte
1104 2624 1265 2723 Hugonis

191 2742 324 2840 cuent,
344 2739 429 2813 iude
450 2739 733 2829 discedentibus,
755 2740 922 2812 monaehi
945 2756 1209 2827 successerunt,
1230 2755 1267 2813 et

202 2855 358 2928 ecciesiae
376 2856 600 2929 medietatem
617 2882 728 2956 usque
744 2856 849 2930 hodie
864 2855 1118 2954 possederunt3
1142 2853 1264 2954 ibique

202 2970 400 3057 lietbertus
431 2971 557 3045 Calvus
588 2989 623 3045 et
652 2972 823 3045 Rudulfus
853 2971 897 3044 de
926 2971 1087 3045 Rosseria
1108 2994 1265 3044 ‘necnon

202 3087 357 3161 Jouunes
374 3085 417 3161 de
432 3087 578 3160 Belnuio
594 3087 675 3186 (1),
691 3087 821 3186 aliique
837 3084 944 3184 probi
961 3085 1070 3161 modo
1083 3083 1266 3158 habitave-

203 3220 308 3277 mub-

251 3321 417 3416 Quodam
433 3340 596 3423 tempore
613 3326 709 3398 inter
724 3350 816 3423 saepe
832 3323 1061 3397 nominatum
1074 3323 1264 3421 Hugonem

205 3436 617 3514 etRadulfumoomitem
626 3439 912 3513 Medantensium
920 3441 989 3538 (2),
1002 3437 1157 3537 Philippi
1170 3437 1264 3537 regis

206 3775 319 3830 alienes
332 3773 367 3828 N.
387 3773 424 3830 0.
442 3773 477 3829 de
493 3774 629 3829 beauvais.
644 3773 739 3842 Quant
757 3789 792 3825 au
806 3770 913 3825 celebre
926 3771 1041 3825 chdteau
1054 3770 1090 3824 de
1109 3768 1262 3836 Gerberoi‚

205 3873 267 3918 tout
274 3861 301 3918 le
310 3861 412 3916 monde
421 3862 472 3916 sait
480 3862 548 3936 qu'il
562 3862 629 3917 etait
638 3863 734 3916 situe't
746 3879 755 3913 1
769 3859 841 3914 liene
850 3869 879 3914 et
888 3858 979 3914 denne
988 3858 1024 3913 N.
1035 3858 1067 3912 E.
1078 3856 1113 3911 de
1125 3856 1262 3911 Gournai.

239 3976 279 4042 (r)
296 3972 333 4025 La
345 3970 502 4027 Roussiere.
515 3971 608 4045 Voyez
621 3971 757 4026 ci-dessus
770 3988 796 4042 p.
814 3966 1115 4043 17.-Probablement
1126 3964 1262 4032 Beaunai,

206 4068 304 4112 canton
315 4055 350 4110 de
363 4053 456 4110 Tbtes.

239 4159 278 4228 (α)
295 4154 386 4211 Raoul
399 4155 426 4209 ΙΙ
443 4153 486 4209 dit
498 4154 524 4209 le
535 4153 648 4223 Graud,
662 4163 753 4213 comte
771 4151 806 4206 de
819 4150 902 4224 Crepi
915 4159 943 4206 et
955 4148 990 4207 de
1000 4147 1114 4217 Volcis,
1132 4147 1217 4202 marie
1229 4164 1264 4200 en

276 4270 319 4318 n.
1095 4241 1118 4310 8
