2910 4980
195 318 256 383 ass
434 295 943 381 nisronnnccnesnsucu
967 320 1260 401 [emarcente]

194 438 356 541 gariique
367 437 500 512 milites
513 436 551 509 in
562 451 704 511 exteros
720 437 892 509 unanime
905 436 1100 511 oonsilidm
1112 438 1259 531 ineunt,

196 585 314 631 arcem
328 555 428 628 urbis
436 570 473 630 et
483 555 550 628 alia
563 554 765 627 munimina
775 548 930 629 viriliter
937 554 1259 644 armtiambiunt,

196 690 232 747 et
246 672 443 775 Turgisum
450 672 495 746 de
506 671 658 745 Traceio
670 671 742 770 (ι),
756 668 1063 773 Gnillelmumque
1074 670 1120 747 de
1133 674 1264 747 Firmi·

196 805 268 864 tate
278 791 347 888 (a),
358 788 517 888 aliosque
525 787 619 887 regis
626 786 825 886 municipes
834 802 1043 887 expugnant
1052 804 1089 861 et
1096 789 1259 886 ejiciunt.

196 903 376 999 Quosdam
394 901 542 977 fortiter
564 900 631 974 sibi
651 901 855 977 resistentes
876 900 1082 1001 perimunt,
1103 902 1263 1006 aliosque

195 1022 347 1096 vinculis
360 1020 554 1095 crudeliter
567 1020 754 1119 injiciunt,
771 1036 807 1093 et
824 1044 908 1093 cum
920 1018 1086 1095 libertate
1098 1020 1209 1095 talem
1220 1021 1263 1095 de
1319 1084 1323 1093 .

196 1140 416 1216 Normannis
433 1138 609 1211 ultionem
622 1136 888 1236 triumphantes
905 1153 1105 1211 assumunt.
1120 1136 1262 1213 Deinde

195 1259 294 1359 regio
305 1272 379 1330 tota
389 1252 639 1356 perturbatur,
649 1269 687 1329 et
697 1253 831 1329 ibidem
840 1250 1084 1329 Normannica
1094 1256 1262 1331 viselliu-

195 1393 310 1462 catur,
332 1401 372 1447 ac
387 1400 478 1474 pene
494 1371 539 1445 ab
556 1370 727 1446 omnibus
739 1373 838 1473 quasi
854 1372 1029 1471 generalis
1042 1372 1118 1447 lues
1131 1374 1260 1473 passim

194 1495 439 1592 impugnatur.
455 1488 665 1563 Goisfredtrs
681 1488 931 1563 Meduanensis
948 1490 1023 1587 (ὃ),
1044 1488 1180 1591 aliique
1195 1516 1261 1591 op·

197 1611 337 1681 timates
346 1606 666 1681 cenomannorum
674 1607 752 1705 pari
762 1606 1166 1705 conspirationemntra
1175 1608 1261 1681 Nor·

193 1752 345 1799 mannos
358 1726 551 1824 insurgunt
559 1751 569 1812 ;
582 1724 691 1824 aliqui
703 1740 821 1799 tamen
829 1778 841 1813 ,
854 1724 937 1798 licet
948 1726 1063 1824 pauci,
1075 1750 1147 1824 pro
1158 1726 1259 1798 variis

194 1839 382 1916 eventibus
400 1856 436 1914 et
451 1840 563 1913 causis
580 1838 776 1915 Guillelmo
792 1842 867 1940 regi
884 1840 1007 1914 lavent
1020 1858 1056 1915 et
1068 1839 1256 1917 obediunt.

243 1956 491 2056 Magnanimos
521 1982 586 2030 rex
619 1955 832 2030 Guillelmus
861 1954 950 2028 diris
979 1956 1192 2031 rumoribus
1218 1956 1260 2031 de

194 2070 435 2146 trucidatione
447 2068 601 2145 suorum'
612 2069 742 2145 auditis
760 2072 871 2143 iratus
887 2087 960 2157 est,
978 2069 1080 2143 acad
1096 2096 1260 2172 compes-

194 2188 342 2262 cendam
370 2188 530 2264 hostium
554 2189 794 2277 invasionem,
826 2203 862 2263 et
882 2188 1115 2287 proditorum
1144 2187 1260 2265 rebel·

192 2305 329 2381 liouem
353 2305 460 2378 armis
482 2305 648 2379 meritam
673 2306 850 2380 ultionem
872 2306 991 2379 facere
1019 2306 1171 2380 molitus
1193 2322 1257 2381 est.

193 2422 311 2523 Regali
323 2427 425 2521 jussu
441 2422 672 2497 Norrnannos
684 2438 721 2497 et
737 2422 873 2523 Anglos
885 2424 1050 2498 celeriter
1061 2425 1209 2517 ascivit,
1226 2442 1260 2500 et

193 2538 322 2610 multas
343 2536 564 2611 armatorum
587 2539 745 2640 legiones
767 2540 804 2612 in
823 2565 938 2612 unum
955 2541 1259 2639 conglomeravit,

193 2654 391 2754 prudenter
409 2655 452 2727 ad
471 2653 605 2729 bellum
621 2656 755 2730 milites
779 2656 985 2758 peditesque
1003 2683 1086 2730 cum
1109 2656 1260 2731 ducibus

192 2773 265 2845 suis
291 2771 488 2872 disposuit,
517 2789 554 2845 et
583 2774 743 2847 cumeis
770 2773 1103 2849 Cenomannensem
1130 2800 1260 2877 pagum

195 2886 366 2960 terribilis
384 2887 507 2961 adivit.
529 2892 569 2961 ln
586 2888 713 2989 primis
731 2889 1007 2964 Fredernaicum
1024 2907 1183 2965 castrum
1205 2894 1259 2992 (4)

520 3074 949 3084 m..-—
961 3079 998 3085 -.-

227 3184 266 3253 (1)
285 3181 389 3254 Turgis
400 3178 435 3234 de
445 3180 542 3247 Traci,
553 3184 616 3253 pres
626 3182 705 3238 Vire.
718 3183 765 3238 On
775 3185 832 3239 voit
842 3202 942 3239 encore
955 3184 1023 3240 dans
1032 3196 1104 3241 cette
1114 3203 1259 3241 commune

192 3271 231 3325 les
244 3269 339 3324 ruines
351 3266 418 3323 d’un
430 3268 599 3343 magnifique
610 3269 727 3324 chiteau
740 3269 778 3324 dn
792 3290 892 3345 moyen
905 3272 965 3345 lige.

227 3360 265 3429 (a)
283 3355 498 3413 Probablsment
510 3357 640 3429 seigneur
648 3357 718 3413 dela
726 3358 913 3428 Fertellacc3
923 3361 1104 3433 carllugues,
1115 3358 1260 3417 deuxidrm

192 3448 232 3502 du
241 3465 321 3515 nom,
332 3448 462 3520 seigneur
469 3446 504 3501 de
511 3446 537 3501 la
544 3446 568 3502 F
567 3448 768 3518 erte-en·Brai,
780 3449 926 3505 s'etaitlait
933 3449 1067 3524 religieux
1074 3448 1260 3505 auantla'con·

192 3538 275 3611 quiete
287 3539 303 3593 a
315 3536 487 3592 Salat-Ouen
502 3534 537 3590 de
547 3535 661 3604 Rouen,
673 3537 1260 3605 sanslaisserd’ennnts,etla1²erte-Fres·

192 3627 238 3683 nel
253 3627 390 3682 n'eristait
399 3645 447 3699 pas
455 3644 565 3693 encore,
577 3627 740 3701 puisqu'elle
750 3646 785 3683 ne
794 3628 836 3684 sut
846 3628 947 3684 londes
955 3647 1005 3702 par
1014 3624 1141 3683 Richard
1150 3626 1260 3683 Frenel

192 3720 275 3793 qu'en
295 3735 375 3789 1119,
390 3736 498 3772 comme
511 3735 581 3772 nous
594 3716 620 3771 le
632 3736 746 3773 verrens
758 3718 827 3775 dans
840 3718 865 3774 la
879 3719 951 3775 suite
963 3718 999 3774 de
1013 3728 1085 3774 cette
1097 3717 1228 3773 histoire.

226 3807 264 3879 (3)
283 3806 408 3864 Geoffroi
420 3806 456 3860 de
469 3808 612 3878 Mayenne‚
627 3808 768 3863 troisilme
781 3807 818 3862 du
832 3826 908 3875 nom,
922 3807 964 3861 fils
972 3808 1008 3862 dc
1018 3806 1144 3863 Geoffroi
1154 3806 1199 3875 11,
1209 3805 1260 3860 eite'

192 3899 340 3965 ridemus,
357 3917 384 3970 p.
400 3913 443 3972 27,
455 3907 483 3950 ct
496 3898 544 3970 qni
564 3908 677 3951 mourut
687 3917 723 3953 cn
740 3896 815 3972 1059.
826 3899 873 3955 On
884 3897 1002 3971 pretend
1011 3916 1066 3972 que
1078 3895 1206 3953 Geell'roi
1220 3894 1259 3950 111

192 3990 260 4043 etait
272 3987 424 4042 l'amantde
436 3986 588 4042 Gersende.
602 3987 625 4040 ll
634 3989 705 4043 avait
716 3992 760 4044 dte
768 3988 862 4043 chasse
871 3987 910 4041 du
920 3989 998 4042 Mans
1008 4006 1058 4060 par
1070 3986 1110 4042 les
1119 3985 1259 4041 habitants

193 4079 227 4131 ilc
242 4089 313 4130 cette
327 4076 389 4130 ville
400 4096 435 4131 en
453 4094 528 4151 ¹⁰7¹·

227 4169 264 4235 (l)
283 4166 590 4225 fresnai-le-t'icomte.
