2910 4980
194 450 254 509 236
471 443 653 505 HISTORIA
675 443 979 505 ncctnsttsttcn.
1156 446 1259 525 [1071]

195 563 454 665 Nonnanniam
469 589 489 634 a
505 564 577 635 suis
592 560 752 635 delatum
770 578 843 651 est,
865 577 900 638 et
922 562 961 635 in
977 560 1153 638 coenobio
1171 564 1262 639 Cor-

195 679 356 755 mclicnsi
371 703 453 750 cum
471 704 603 779 magno
616 702 766 751 suorum
780 678 884 751 luctu
899 677 1081 777 sepultum
1097 694 1167 753 cst.
1181 682 1262 755 Duo

194 796 330 897 quippe
346 790 514 868 coenobia
531 792 793 868 monachorum
807 796 846 867 in
862 820 928 869 suo
940 795 1164 895 patrimonio
1177 822 1263 889 opn-

195 926 375 985 struxerat
405 912 442 984 in
473 909 612 985 honore
648 926 781 987 sanctae
814 911 880 986 Dei
907 912 1093 1013 genitricis
1123 912 1261 995 Mariae.

198 1030 321 1101 Unum
337 1028 484 1129 quidem
506 1045 582 1101 erat
604 1028 698 1100 Lirne
718 1054 817 1103 secus
832 1028 993 1103 ‘Risclam
1008 1028 1182 1120 fluvium,
1200 1028 1263 1103 ubi

196 1144 337 1218 Adeliza
355 1169 449 1219 uxor
464 1146 538 1243 ejus
556 1143 729 1217 tumulata
746 1161 800 1219 est
810 1174 821 1233 ς
839 1144 937 1217 aliud
950 1171 1038 1220 vero
1054 1146 1262 1235 Cometiis,

197 1262 258 1335 ubi
279 1264 353 1363 ipse
369 1262 426 1361 (ut
445 1262 614 1358 diximus)
631 1260 798 1337 conditus
812 1264 944 1357 est(1).
964 1263 1265 1351 Normannorum

196 1381 393 1453 maximum
415 1380 626 1453 strenuitate
649 1376 822 1453 baronem
845 1379 945 1453 vaide
968 1376 1093 1454 omnes
1112 1381 1263 1480 planxe-

196 1512 305 1586 runt,
330 1496 394 1597 qui
416 1495 597 1596 largitates
623 1499 698 1597 ejus
721 1512 758 1569 ct
783 1488 926 1569 facetias
951 1514 1059 1599 atquc
1081 1496 1263 1573 mirandas

195 1609 394 1708 probitates
412 1626 606 1685 noverunt.
625 1610 822 1685 ltaeredius
841 1615 915 1711 ejus
931 1638 950 1683 a
967 1638 1050 1713 rege
1065 1612 1263 1688 Guiilelmo

195 1729 277 1802 filiis
295 1732 370 1829 ejus
387 1726 578 1801 distributa
594 1742 660 1802 est.
679 1728 890 1802 Wiilelmus
907 1734 1021 1829 major
1034 1746 1123 1803 natu
1139 1732 1264 1809 netto-

193 1843 285 1917 iium
314 1860 351 1917 et
376 1844 543 1949 Raecium
569 1846 649 1941 (2),
684 1860 721 1917 et
749 1845 923 1945 reliquam
954 1860 1093 1944 partem
1119 1847 1261 1945 paterni

189 1963 281 2060 juris
307 1963 345 2033 in
368 1962 590 2035 Normannia
613 1960 797 2054 obtinuit,
822 1978 859 2036 et
878 1963 979 2037 omisi
1003 1964 1074 2034 vita
1098 1987 1161 2035 sua
1186 1961 1262 2037 fere

196 2072 273 2151 xxii
287 2080 391 2153 annis
407 2080 538 2153 tenuit.
556 2078 731 2181 Rogerius
746 2082 1000 2177 autemjunior
1016 2080 1129 2155 frater
1145 2079 1262 2155 comi-
1299 2090 1302 2097 '

195 2208 312 2267 tatum
323 2192 602 2269 Hersotdcnsem
611 2246 623 2283 ,
639 2210 830 2293 totumque
841 2192 997 2267 fundum
1006 2196 1118 2295 patris
1135 2195 1175 2267 in
1188 2196 1263 2269 An-

194 2310 264 2409 giia
277 2308 457 2398 obtinuit3
476 2308 536 2383 sod
549 2309 657 2409 paulo
670 2326 752 2407 post
763 2327 914 2409 propter
925 2310 1110 2408 perfidiam
1127 2328 1166 2385 et
1176 2336 1262 2411 pro-

195 2428 345 2501 terviam
359 2454 459 2499 suam
473 2428 532 2522 (ut
544 2426 582 2500 in
594 2426 827 2527 sequentibus
841 2426 1072 2526 enodabitur)
1087 2426 1257 2526 pendidit.

243 2544 390 2643 Reginae
413 2541 577 2627 Matbildi
601 2542 706 2641 (licet
721 2558 891 2641 potenter
915 2558 1081 2643 regnaret
1099 2557 1136 2617 et
1153 2544 1260 2617 innu-

193 2660 300 2731 meris
322 2656 451 2759 opibus
472 2652 690 2757 abundaret)
722 2660 838 2734 luctus
864 2662 988 2759 ingens
1011 2674 1113 2733 ortus
1138 2676 1194 2733 cst
1215 2656 1260 2733 de

193 2793 312 2847 morte
337 2777 467 2872 patris,
496 2773 540 2847 de
566 2774 785 2849 desolatione
809 2777 954 2863 matris,
979 2774 1023 2849 de
1049 2773 1260 2849 erudelitate

193 2892 301 2961 unius
317 2890 458 2981 fratris,
471 2917 540 2988 qua
553 2890 659 2962 ruina
671 2889 793 2964 subito
807 2890 898 2965 sacta
913 2907 965 2965 est
978 2890 1124 2964 alterius
1137 2869 1260 2964 fratris

193 3020 230 3079 et
259 3005 330 3075 cari
358 3005 498 3102 nepotis
525 3031 607 3079 cum
631 3006 755 3079 multis
778 3008 911 3079 amicis.
942 3007 1000 3078 Sic
1026 2987 1260 3104 omnipotens

193 3124 287 3197 Deus
316 3112 543 3197 iinmernores
568 3124 624 3195 sui
651 3124 846 3224 terrigenas
873 3124 1053 3223 percutit,
1084 3120 1259 3222 superbos

192 3241 332 3341 dejicit,
348 3258 384 3315 et
396 3242 493 3342 quod
510 3240 718 3316 dominetur
730 3242 887 3315 excelsus
904 3268 1011 3342 super
1027 3266 1176 3315 omnem
1189 3256 1259 3315 ter·

191 3387 269 3431 ram
294 3352 410 3433 lucide
431 3359 601 3434 ostendit.
627 3358 831 3433 Rodbcrtus
856 3362 975 3461 itaque
999 3362 1025 3431 F
1028 3360 1120 3432 resio
1143 3340 1257 3433 totam

191 3668 370 3721 cossivcment
386 3668 465 3738 apres
477 3684 506 3721 sa
519 3678 607 3733 mort,
622 3665 781 3741 tenditque
794 3667 821 3721 la
833 3676 895 3739 part
908 3664 943 3720 dc
955 3664 1084 3739 Phiiippo
1095 3682 1125 3721 se
1137 3664 1258 3723 nedtt'ttit

191 3776 226 3811 au
237 3756 397 3829 burgraviat
409 3757 534 3830 d'Ypres.

225 3848 267 3915 (ι)
283 3846 338 3901 Sur
350 3862 394 3901 oet
408 3845 481 3901 deux
493 3848 670 3915 monasteres,
682 3865 764 3920 voycz
776 3845 912 3901 ci-desaut
924 3862 953 3917 p.
971 3850 1012 3911 nt.
1022 3841 1142 3911 Adeiiee,
1153 3844 1258 3901 femme

190 3936 225 3990 de
237 3936 398 3990 Guillaume
412 3937 434 3989 F
435 3936 629 4005 ita-Osberne,
640 3938 708 3993 e'tait
719 3936 773 3991 title
784 3935 819 3990 de
830 3934 925 4007 Roger
935 3934 969 3987 I“
981 3932 1016 3988 de
1029 3932 1141 3999 Τοιειιί.Ι

224 4026 261 4091 (u)
281 4024 507 4078 l‘aei-sur-Enre.
523 4026 572 4078 Les
585 4036 680 4081 autres
693 4023 859 4099 principales
873 4023 1027 4095 proprie'te't
1044 4019 1079 4076 de
1094 4019 1258 4077 Gniiiannte

192 4114 248 4165 tna
264 4113 273 4163 (
281 4113 389 4166 tslscrne
400 4132 435 4167 cn
450 4113 619 4169 bortitandie
633 4114 737 4171 etaient
750 4110 1021 4181 (iios-soue-Laigic,
1037 4109 1062 4163 tn
1077 4109 1257 4165 Pout-Saint·

191 4202 297 4257 Picrre.
315 4203 442 4267 iionnlii,
460 4205 557 4260 Pitrcs.
