2910 4980
196 365 257 429 346
472 361 654 426 HISTORIA
676 361 980 424 schEslssnct.

196 485 310 559 banus
329 508 459 587 genere
477 484 624 574 scotus,
642 497 834 584 postquam
851 482 890 556 in
905 480 1021 556 Gallia
1037 482 1261 559 Luxoviense

196 603 456 679 monasterium
468 614 733 688 construxerat,
749 599 788 672 in
800 598 901 672 ltalia
913 599 952 672 in
964 597 1117 700 Alpibus
1130 599 1259 677 cottiis

196 716 374 795 Bobiense
389 715 565 792 condidit.

197 902 240 939 ao.
332 882 484 939 Aodocnus
494 881 562 937 huic
575 882 713 951 mocessit,
727 880 880 956 pontificali

333 970 443 1028 Ordine
456 969 663 1046 splendescens,
675 969 827 1026 virtutibus
838 980 922 1046 atque
933 971 1073 1047 refulsus!
1081 974 1135 1045 (ι).

196 1128 264 1200 Hic
278 1150 368 1200 xuni
387 1126 504 1216 annis,
523 1142 686 1226 tempore
698 1126 896 1217 Theodori,
911 1127 1075 1217 Martini,
1087 1127 1257 1229 Eugenii,

194 1243 384 1335 vitaliani,
401 1241 574 1319 Adeodati
583 1299 597 1338 ,
614 1244 731 1334 Doni,
745 1243 962 1347 Agathonis,
978 1244 1129 1338 honis,
1145 1247 1260 1323 Bene-

194 1362 281 1435 dicti
299 1376 336 1437 et
343 1360 518 1436 Johannis
527 1388 715 1462 paparum,
730 1361 949 1437 Heracleona
964 1361 1041 1439 filio
1054 1364 1213 1440 Hemclii
1224 1378 1260 1440 et

196 1477 313 1551 tribus
326 1479 572 1554 constantinis
585 1477 859 1579 imperantibus,
872 1478 1187 1581 insigniterfuisit,
1199 1480 1260 1557 din

195 1609 232 1669 et
243 1592 615 1684 benevixit,multum
626 1593 816 1685 laboravit,
827 1594 1068 1698 Ecclesiaeque
1078 1596 1145 1672 Dei
1155 1596 1259 1671 mirc-

194 1710 317 1784 biliter
327 1710 481 1810 profuit.
500 1712 564 1789 Vis
575 1712 666 1785 mihi
679 1710 724 1786 ad
737 1710 978 1788 enarrandum
991 1713 1113 1789 deficit
1126 1728 1259 1815 quaint

195 1827 385 1904 nobilitate
401 1846 439 1906 et
451 1830 652 1920 sanctitate,
669 1831 841 1932 omnique
853 1830 1035 1932 probitate
1049 1833 1108 1905 vir
1123 1832 1193 1907 iste
1204 1833 1258 1905 ri·

193 1946 286 2045 guit.
302 1946 481 2020 Martinus
497 1974 587 2048 papa
603 1948 782 2048 synodum
796 1971 840 2020 cv
854 1946 1051 2046 praesulum
1065 1948 1196 2023 Romae
1210 1963 1258 2022 te·

194 2064 293 2152 nuit,
308 2080 344 2139 et
356 2063 589 2165 postmodum
602 2089 671 2164 pro
682 2062 751 2138 fide
764 2062 937 2138 catholica
948 2090 1015 2164 per
1026 2060 1258 2139 Theodorum

38 2284 40 2289 ι
195 2180 1257 2282 exarchumjussuConstantininepotisfleraclii,rapttuest,

195 2300 332 2402 etapud
340 2300 559 2376 Chersonam
570 2301 759 2400 relegatus,
772 2297 1258 2400 sanctofinequievit.Theo·

193 2420 302 2492 dorus
318 2421 604 2520 archiepiscopus
621 2434 657 2493 et
673 2416 851 2490 Adrianus
867 2413 976 2488 abbas
987 2417 1045 2487 vir
1056 2442 1164 2518 aeque
1176 2416 1257 2492 doo-

193 2539 369 2626 tissimus,
385 2539 598 2613 aVitaliano
610 2563 699 2637 papa
714 2536 810 2607 missi
826 2535 1069 2622 Britanniam,
1087 2534 1258 2634 plurimas

193 2654 395 2754 Anglorum
412 2653 573 2728 ecclesias
594 2652 771 2727 doctrinae
787 2649 892 2751 fruge
909 2648 1186 2724 foecundarunt.
1204 2650 1258 2723 Ex

192 2797 267 2869 quo
286 2770 481 2872 Gregorius
502 2797 590 2871 papa
609 2768 868 2868 dispensatores
884 2766 997 2841 divini
1023 2770 1172 2843 seminis
1188 2771 1257 2843 mi·

193 2886 240 2957 sit
266 2888 305 2958 in
327 2886 511 2986 Angliam,
537 2886 756 2986 Augustinus
780 2901 818 2958 et
839 2886 1075 2974 Laurentius,
1102 2885 1258 2960 Mellitos

193 3002 457 3077 Lundoniensis
481 3020 518 3078 et
538 3005 660 3076 Justus
683 3002 866 3092 Rofensis,
891 3002 1074 3077 Honorius
1090 3019 1129 3076 et
1146 3003 1258 3078 Deus·

193 3119 292 3192 dedit
317 3122 612 3195 cantuariensem
635 3106 818 3194 ecclesiam
840 3135 1035 3209 rexerunt,
1065 3135 1102 3193 et
1124 3121 1256 3194 santio

192 3261 291 3336 reges
317 3234 546 3311 Edilbertum
574 3253 611 3311 et
637 3234 881 3327 Eadbaldum,
914 3233 1199 3310 Ercombertum
1224 3249 1257 3308 et

194 3352 389 3452 Egbertum
408 3380 491 3426 cum
513 3353 669 3454 subjecta
690 3367 799 3453 gente
821 3353 865 3424 ad
890 3349 997 3425 fidem
1021 3351 1157 3425 Christi
1175 3376 1256 3452 pes·-

192 3486 395 3544 traxerunt.
410 3470 590 3571 Septimus
601 3468 645 3543 ad
657 3469 891 3569 praesulatum
903 3469 1082 3570 Viget-dus
1093 3468 1141 3542 ab
1151 3469 1255 3544 0svio

191 3603 227 3659 et
243 3584 401 3687 Egberto
413 3586 558 3687 regibus
569 3587 702 3662 electus
714 3603 769 3660 est
778 3641 789 3675 ,
808 3601 844 3661 et
858 3589 1010 3662 Romam
1024 3585 1069 3659 ad
1085 3587 1254 3660 ordinan-

190 3704 278 3776 dum
293 3705 419 3777 missus
433 3720 498 3777 est.
516 3702 669 3777 thidum
683 3704 962 3778 consecrationis
977 3717 1154 3776 statutum
1165 3703 1252 3776 diem

194 3820 475 3916 praestolaretur,
485 3819 674 3894 defunctus
685 3837 758 3909 est3
773 3847 841 3922 pro
849 3847 923 3921 qno
934 3819 1150 3895 Theodorus
1158 3820 1249 3915 Gru·

229 4133 236 4194 (
244 4133 266 4198 r)
285 4131 363 4184 Saint
375 4132 456 4186 Onon
467 4131 584 4200 (iiio-ad
598 4134 663 4189 aoitt
675 4133 753 4204 683).
