2926 4980
286 387 328 449 dl
563 383 748 445 latsTORla
770 383 1074 445 EchFslasrlca.
1148 388 1356 469 [1057-10581

286 501 461 578 fratribus
475 501 700 577 voluntatem
713 527 813 573 suam
829 501 988 603 aperuit,
1008 528 1133 577 omnes
1146 504 1354 598 admonuit,

286 617 464 708 absolvit,
498 614 705 706 benedixit,
738 614 887 717 Deoque
917 616 1195 693 commendavit.
1229 623 1356 698 Postea

287 736 490 811 Luxovium
517 733 623 820 adiit,
653 749 690 808 et
717 734 863 834 Hugoni
889 735 1077 835 episcopo,
1107 762 1127 810 a
1154 766 1229 839 quo
1254 741 1356 816 valde

287 850 486 939 amabatur,
512 874 636 922 curam
659 847 862 921 animarum
885 846 1059 939 reddidit,
1086 851 1209 954 sicque
1230 856 1356 930 multis

286 967 460 1044 flentibus
475 966 598 1040 amicis
610 979 772 1039 sanctam
782 965 1112 1065 peregrinationem
1125 995 1194 1071 pro
1210 970 1356 1049 Christo

286 1084 454 1184 suscepit.
468 1081 666 1157 Herbertus
676 1097 798 1155 autem
806 1079 1118 1164 deMonasteriolo
1128 1089 1268 1187 primus
1276 1116 1356 1167 mo-

286 1199 439 1291 nachus,
466 1224 577 1301 quem
605 1198 680 1298 ipse
708 1197 746 1270 in
771 1197 931 1272 Uticensi
959 1200 1105 1276 ecclesia
1132 1222 1353 1307 susceperat,

286 1346 370 1394 cum
388 1342 432 1394 eo
452 1341 601 1418 peregre
616 1314 801 1415 prolectas
818 1330 890 1405 est,
913 1330 950 1390 et
973 1316 1187 1395 Willermus
1205 1322 1355 1397 clericus

286 1450 531 1541 cognomento
542 1434 642 1508 Bona
657 1431 809 1524 Anima,
824 1430 989 1509 Radbodi
1006 1435 1181 1538 sagiensis
1196 1441 1354 1541 episcopi

285 1556 399 1645 filius,
417 1554 481 1657 qui
498 1550 699 1626 succedenti
722 1566 886 1651 tempore
902 1551 1206 1655 Rotomagensem
1220 1573 1356 1632 metro-

286 1673 401 1775 polim
418 1671 494 1746 fere
511 1692 622 1743 xxxvl
637 1667 741 1742 annis
756 1683 883 1741 nactus
899 1684 954 1743 est
971 1671 988 1770 (
1013 1672 1044 1770 ).

335 1791 377 1863 ln
405 1785 531 1862 diebus
553 1785 623 1858 illis
646 1800 722 1858 erat
744 1783 926 1887 quoddam
949 1785 1163 1865 honorabile
1186 1793 1355 1870 xenodo-

287 1903 410 1979 chium
434 1902 472 1975 in
499 1898 660 1976 confinio
686 1900 937 1975 Baioariorum
959 1916 996 1976 et
1017 1905 1231 2001 Hunorum,
1253 1908 1354 2009 qnod

286 2020 407 2097 fidelos
419 2035 458 2094 et
472 2031 638 2120 potentes
651 2015 845 2091 Christiani
858 2017 902 2092 de
918 2019 1255 2122 circumjacentibus
1270 2052 1354 2126 pro-

284 2138 413 2212 vinciis
430 2134 662 2210 instituerant
677 2133 721 2208 ad
736 2135 1001 2236 susceptionem
1017 2163 1218 2242 pauperum
1233 2157 1271 2216 et
1284 2168 1354 2241 pe-

283 2255 516 2359 regrinorum
551 2251 621 2351 (a).
654 2252 760 2326 Tunc
792 2251 974 2355 Ansgotus
1006 2255 1238 2333 Normannus
1267 2260 1354 2333 hnic

284 2368 512 2449 xenodochio
545 2368 722 2443 electione
753 2367 1003 2471 indigenarum
1028 2391 1195 2474 praeerat.
1232 2378 1265 2450 ls
1291 2377 1353 2451 ui-

283 2491 419 2564 mirum
442 2484 588 2587 Rogerii
608 2484 792 2574 Toenitis,
816 2489 880 2588 qui
906 2489 1118 2591 Hispanicus
1139 2492 1351 2585 vocabatur,

284 2624 456 2709 cognatus
468 2618 565 2692 erat,
586 2618 623 2677 et
635 2601 703 2676 sub
715 2601 867 2678 ducibus
880 2607 1181 2688 Normannoram
1196 2611 1353 2688 llicurdo

283 2739 321 2799 et
347 2720 526 2798 Rotbertn
557 2718 731 2794 nobiliter
762 2720 1002 2814 militaverat3
1035 2726 1096 2800 sed
1126 2729 1256 2803 timore
1284 2728 1350 2803 Dei

283 2853 522 2940 compunctus
545 2837 668 2912 omnia
693 2837 819 2911 mnndi
843 2841 1060 2943 reliquerat,
1087 2861 1124 2919 et
1141 2845 1352 2947 peregrina-

283 2955 422 3030 tionem
456 2969 564 3057 atqae
598 2968 833 3053 spontaneam
866 2975 1112 3058 paupertatem
1140 2962 1240 3034 omni
1276 2961 1350 3035 vita

282 3098 344 3146 sua
361 3067 553 3145 tenendam
563 3086 636 3168 pro
659 3068 805 3145 Christo
822 3072 1037 3171 arripuerat.
1057 3076 1123 3148 llic
1139 3092 1182 3150 ut
1207 3076 1350 3151 Teode-

281 3189 399 3263 ricum
411 3184 576 3260 abbatem
591 3213 674 3259 cum
687 3188 792 3261 sociis
808 3188 881 3261 suis
897 3189 1005 3279 vidit,
1022 3192 1159 3290 optime
1174 3218 1350 3295 recogno·

281 3305 355 3395 vit,
379 3319 416 3379 et
431 3303 570 3403 aliquot
587 3300 713 3376 diebus
729 3319 772 3375 ut
795 3305 1049 3404 compatriotas
1067 3305 1269 3382 amabiliter
1290 3336 1350 3383 re·

281 3421 413 3513 tinnit,
430 3434 540 3521 atque
558 3444 706 3495 omnem
721 3417 983 3496 humanitatem
1000 3424 1049 3497 eis
1064 3423 1240 3498 exhibuit.

328 3541 469 3615 luteres
502 3535 648 3638 quidam
683 3536 870 3638 religiosus
904 3539 1152 3615 Baioariorum
1182 3542 1349 3642 pontifex

315 3796 355 3868 (ι)
365 3792 731 3861 Guillaumobonnchme,
748 3792 920 3868 archevdque
928 3794 963 3850 de
972 3794 1071 3852 Rouen
1085 3799 1293 3874 (1079-1110),
1305 3798 1347 3853 lile

281 3887 316 3943 de
328 3883 478 3951 Radbode,
492 3882 595 3957 eaeque
608 3882 643 3938 de
652 3883 718 3938 Stes
729 3881 926 3954 (1025-1032).

314 3977 353 4048 (a)
367 3976 404 4030 be
421 3983 514 4029 suvant
533 3972 572 4026 Μ.
591 3971 672 4027 Perta
695 3990 813 4046 suppose
832 3991 886 4047 que
902 3983 946 4027 cet
963 3973 1167 4032 &tablissement
1184 3977 1346 4050 hospitalier

282 4068 394 4142 ponvait
410 4066 470 4121 aare
487 4065 559 4139 situd
575 4061 693 4131 anuh,
708 4082 744 4119 eu
758 4063 913 4131 Autriche,
932 4065 969 4118 ou
984 4064 1028 4121 lut
1040 4066 1139 4122 ttablie
1152 4068 1286 4142 vingt-six
1297 4087 1347 4123 aus

282 4156 345 4231 plus
357 4154 417 4210 tard
429 4171 484 4209 une
493 4152 597 4224 abbaye
606 4151 714 4208 celebre
725 4151 890 4223 (coenobium
900 4152 1085 4210 Medeliceuse
1100 4174 1149 4209 seu
1161 4156 1345 4225 Mellicease).
