2910 4980
195 425 254 483 172
467 419 650 481 HISTORIA
672 418 976 481 uectustls'rtcr.
1151 423 1257 503 [1067]

193 542 227 611 vi
250 538 462 627 tuebantur,
481 555 518 612 ct
539 565 742 640 superous,
762 541 826 640 qui
841 538 1009 639 gravibus
1028 542 1258 615 contumeliis

194 655 310 728 affecti
332 655 576 755 querimonias
600 653 773 755 agebant,
796 657 907 755 magis
929 653 1255 729 debacchabantur.

196 773 330 847 Amissa
345 774 463 872 itaque
473 771 637 846 libertate
647 771 753 871 Angli
764 769 1257 872 vehementeringemiscunt,

193 908 230 967 et
247 891 400 963 vicissim
414 889 568 990 qualiter
585 888 811 963 intolerabile
820 893 948 992 jugum
957 945 968 979 ,
983 889 1123 990 sibique
1135 889 1258 965 hacte-

196 1035 263 1082 nus
281 1006 465 1082 insolitum
477 1009 660 1080 excutiant
670 1006 852 1082 subtiliter
869 1009 1072 1110 inquirunt.
1091 1009 1208 1109 Igitur
1216 1007 1258 1082 ad

194 1126 351 1197 Suenum
364 1148 483 1223 regem
492 1123 678 1196 Danorum
688 1122 925 1222 (1)dirigunt‚
934 1140 1041 1222 atque
1053 1139 1094 1195 ut
1105 1149 1258 1224 regnum

196 1238 334 1337 Angliae
342 1293 353 1327 ,
372 1236 470 1339 quod
486 1238 625 1311 Suenus
638 1252 674 1310 et
690 1237 880 1310 Chunutus
890 1239 945 1309 avi
959 1243 1033 1338 ejus
1047 1239 1156 1312 armis
1168 1236 1258 1313 obti-

194 1370 377 1443 nuerunt,
392 1368 574 1454 reposcat,
594 1368 780 1452 expetunt.
795 1353 904 1428 Ultro
923 1355 960 1427 in
978 1355 1127 1429 exilium
1144 1353 1255 1454 aliqui

193 1469 430 1570 profugiunt,
447 1496 521 1571 quo
543 1488 703 1544 extorres
716 1471 772 1544 vel
787 1498 807 1543 a
825 1486 999 1570 potestate
1021 1472 1256 1546 Normanno-

197 1613 278 1659 rum
296 1587 369 1658 sint
386 1585 513 1674 liberi,
533 1586 589 1659 vel
607 1585 736 1684 opibus
752 1587 876 1660 alienis
889 1588 983 1660 aucti
997 1601 1124 1663 contra
1140 1612 1202 1661 eos
1213 1587 1257 1661 ad

197 1701 395 1776 recidivum
404 1717 585 1775 certamen
599 1718 838 1776 revertantur.
854 1702 1005 1797 Quidam
1015 1721 1136 1778 autern
1148 1730 1192 1779 ex
1207 1704 1255 1779 eis

196 1816 358 1919 pulchrae
370 1820 570 1920 juventutis
587 1819 678 1893 llore
694 1836 883 1893 vernantes
902 1821 1116 1921 longinquas
1138 1821 1255 1919 regio-

195 1963 258 2013 nes
276 1937 461 2028 adierunt,
488 1954 525 2011 et
546 1937 685 2010 militiae
702 1937 816 2011 Alexii
834 1939 1059 2037 imperatoris
1076 1939 1256 2013 Constan-

197 2056 428 2155 tinopolitani
442 2082 514 2130 sese
531 2055 697 2129 audacter
706 2054 934 2131 obtulerunt.
947 2058 1035 2129 Erat
1052 2055 1146 2130 idem
1162 2055 1256 2129 mul·

194 2189 272 2245 tum
295 2174 433 2273 sapiens
450 2189 488 2247 et
509 2174 611 2247 mirae
636 2173 844 2273 dapsilitatis
854 2202 865 2262 5
886 2189 1011 2247 contra
1030 2199 1140 2273 quem
1154 2171 1256 2247 Rod-

193 2285 316 2361 bertus
334 2287 541 2361 Wiscardus
550 2289 690 2388 Apuliae
701 2288 773 2361 dux
786 2315 870 2361 cum
883 2289 956 2361 suis
968 2285 1143 2362 omnibus
1158 2312 1257 2360 arma

194 2404 368 2477 levaverat
378 2405 597 2478 inauxilium
609 2404 810 2495 Michaelis,
823 2433 932 2506 quem
944 2407 1053 2480 Danai
1062 2405 1107 2480 de
1120 2404 1256 2480 throno

193 2524 367 2621 imperiali
379 2523 591 2622 expulerant
604 2525 1045 2624 indignationesenatoriae
1056 2526 1253 2624 potestatis.

195 2638 327 2711 Exules
350 2639 461 2737 igitur
481 2640 684 2738 Anglorum
708 2639 954 2714 favorabiliter
980 2638 1152 2713 aGraecis
1177 2664 1256 2712 sus·

194 2756 286 2853 cepti
308 2772 410 2843 sunt,
437 2772 472 2829 et
489 2756 742 2830 Normannicis
759 2757 980 2856 legionibus,
1001 2784 1083 2856 quae
1102 2756 1258 2828 nimium

194 2870 346 2968 Pelasgis
356 2868 645 2958 adversabantur,
654 2873 809 2971 oppositi
816 2889 914 2946 sunt.
924 2870 1256 2972 AugustusAlexius

192 2982 340 3071 urbem,
354 3011 435 3085 quae
447 2985 620 3060 Ghevetot
632 2987 778 3077 dicitur,
795 2989 919 3089 Anglis
933 2988 1027 3060 ultra
1041 2985 1258 3087 Byzantium
1278 3066 1282 3071 ,

194 3103 308 3202 coepit
321 3104 496 3193 condere,
515 3104 575 3179 sed
592 3106 744 3178 nimium
764 3105 1016 3180 infestantibus
1035 3103 1256 3177 Normanuis

193 3247 253 3296 eos
274 3221 317 3293 ad
347 3220 474 3297 urbem
497 3225 630 3323 regiam
656 3224 816 3310 reduxit,
844 3240 881 3297 et
906 3223 1036 3296 eisdem
1058 3221 1258 3321 principale

193 3337 365 3433 palatium
383 3365 466 3410 cum
483 3337 659 3439 regalibus
680 3339 852 3412 thesauris
871 3337 1028 3411 tradidit.
1048 3340 1123 3411 Hac
1137 3339 1257 3438 itaque

192 3453 236 3527 de
253 3481 354 3526 causa
371 3455 526 3535 Saxones
542 3456 647 3556 Angli
662 3456 800 3529 loniam
816 3458 1061 3555 expetierunt,
1078 3469 1114 3527 et
1130 3453 1197 3552 ipsi
1215 3478 1257 3526 ac

192 3570 347 3647 haeredes
368 3599 493 3647 eorum
511 3600 611 3649 sacro
628 3575 780 3673 imperio
797 3573 950 3648 fideliter
962 3570 1124 3646 famulati
1142 3586 1251 3663 sunt,

195 3800 378 3813 ——-—--—

225 3930 264 3997 (ι)
283 3929 381 3999 chyn
395 3946 432 3983 ou
447 3928 558 3984 Suenon
571 3930 599 3983 II
613 3930 772 3986 Ettrithson
788 3928 919 4000 (rota-28
933 3927 1002 3983 avril
1024 3931 1090 4002 1074
1105 3943 1143 3981 ou
1159 3924 1253 4002 1076).

190 4020 229 4074 Ce
244 4021 339 4090 princc
353 4020 448 4074 u’etait
464 4020 544 4092 point
561 4020 587 4075 le
602 4020 771 4077 descendant
786 4020 822 4076 de
838 4017 1099 4087 Cenat-le-Grand,
1118 4018 1187 4072 mais
1204 4033 1255 4072 tou

191 4126 286 4162 nevcu.
300 4111 334 4164 Sa
350 4112 423 4164 mere
438 4111 544 4165 Estrith
556 4113 627 4166 avait
636 4115 679 4168 tte'
693 4113 795 4168 murice
805 4110 920 4167 d'abord
933 4114 947 4166 h
960 4108 1084 4165 Richard
1094 4108 1136 4175 ll,
1151 4106 1206 4164 duc
1219 4105 1254 4161 de

192 4198 376 4266 Normandie‚
393 4202 441 4272 qui
455 4201 480 4255 la
494 4201 619 4273 repudia.
