2910 4980
270 375 308 436 ts
541 369 725 434 HISTORIA
745 372 1048 438 acetuslssttca
1121 380 1325 462 [1630ιῖ050]

317 491 516 568 Gauisnus
536 488 756 571 willemus.
766 494 867 568 omui
885 494 957 567 vita
972 521 1034 568 sua
1050 495 1244 574 Ecclesiam
1258 503 1325 575 Dei

268 606 415 695 diluxit,
445 621 483 679 et
508 605 704 707 monachos
732 623 770 682 et
797 607 965 702 clericos,
992 612 1149 713 aliosque
1176 617 1327 717 religio-

268 746 326 797 sos
348 719 737 801 homineshonoaavit.
763 724 823 795 Bis
847 725 885 796 in
907 725 1101 800 Jerusalem
1123 728 1325 829 sepulcrum

267 837 415 913 Domini
439 839 588 939 expetiit
612 839 669 938 (ι)
695 870 704 912 2
733 841 840 914 semel
865 840 952 914 dum
980 843 1169 917 incolumis
1191 864 1267 921 erat
1289 865 1326 922 et

267 955 507 1054 prosperitate
528 955 718 1055 praeditus,
749 956 950 1057 iterumque
975 974 1058 1057 post
1083 959 1324 1036 infortunium

267 1069 423 1172 quodsi
452 1074 608 1146 evenisse
635 1072 836 1147 retulimus.
863 1075 949 1147 Post
975 1073 1131 1148 reditum
1160 1078 1324 1152 secundae

266 1190 564 1291 peregrinationis
576 1189 747 1263 saeculum
762 1191 922 1291 reliquit,
940 1193 1139 1265 etBeccum
1157 1209 1324 1294 expetens

266 1305 506 1382 monachilem
520 1306 683 1380 habitum
701 1305 835 1381 ibidem
847 1309 1055 1407 assumpsit,
1072 1324 1108 1383 et
1120 1310 1323 1386 Uticensem

265 1423 447 1497 ecclesiam
479 1423 591 1497 sancti
619 1421 717 1497 Petri
746 1422 861 1496 eidem
889 1422 972 1496 loco
999 1423 1128 1499 devote
1162 1426 1321 1506 tradidit.

265 1539 389 1638 ltaque
406 1536 600 1610 ilcrluinus
616 1535 723 1611 abbas
745 1536 985 1610 lanfrancum
1005 1537 1223 1614 monachum
1239 1542 1322 1643 (qui

266 1670 389 1755 postea
404 1654 679 1728 cantuariorum
697 1651 981 1753 archiepiscopus
998 1655 1139 1755 extitit)
1159 1680 1241 1729 cum
1257 1659 1325 1731 tri-

265 1769 333 1842 hus
355 1766 539 1843 monachis
563 1767 709 1842 Uticum
729 1766 884 1858 direxit,
908 1784 944 1840 et
966 1795 1032 1867 per
1053 1795 1115 1851 eos
1137 1770 1323 1845 servitium

264 1884 351 1972 Dei,
366 1882 465 1984 quod
473 1880 669 1970 deciderat,
685 1879 775 1954 inibi
789 1882 977 1954 restaurari
991 1882 1211 1965 fecit-Tunc
1223 1883 1323 1959 leem

265 2000 343 2101 ipse
362 1999 521 2075 desertus
547 2014 643 2086 erat,
672 2014 709 2072 et
733 2025 954 2073 succrescens
982 1998 1109 2087 hedera
1134 2003 1323 2077 maceriem

265 2117 421 2192 ecclesias
433 2114 676 2216 cooperiebat.
692 2117 771 2191 Duo
784 2117 850 2190 soli
865 2143 963 2192 senes
980 2117 1118 2207 clerici,
1134 2119 1322 2193 Rcstoldus

265 2250 301 2309 et
313 2237 528 2337 Ingaunum,
547 2233 680 2307 ibidem
697 2233 945 2322 morabantur,
961 2250 996 2308 et
1010 2234 1048 2306 in
1065 2249 1163 2308 tanta
1177 2234 1322 2310 heremo

264 2350 332 2425 suh
349 2377 503 2452 paupere
518 2351 592 2422 vita
609 2350 684 2424 Deo
700 2376 768 2449 pro
784 2377 886 2449 posse
903 2376 969 2423 suo
986 2350 1264 2425 famulabantur.

313 2468 398 2542 Post
418 2465 558 2565 aliquot
578 2466 750 2563 temporis
765 2464 995 2554 willermus,
1015 2466 1078 2538 ubi
1098 2483 1180 2541 vota
1205 2494 1323 2568 nepo-

212 2637 216 2642 -
267 2597 345 2654 tum
360 2605 509 2653 suorum
521 2577 565 2651 de
579 2577 837 2667 construenda,
853 2598 894 2652 ut
909 2579 1159 2679 praediximus,
1181 2580 1322 2655 abbatia

266 2695 467 2794 comperit,
494 2693 639 2767 accessit
659 2693 703 2767 ad
724 2719 801 2783 eos,
824 2709 861 2767 et
880 2692 996 2767 dixit:
1016 2696 1169 2769 Gaudeo
1193 2697 1319 2787 ualde,

266 2813 447 2888 carissimi
472 2815 542 2884 mei
546 2867 559 2900 ,
580 2811 680 2910 quod
703 2811 799 2884 Deus
826 2813 1052 2913 omnipotens
1078 2811 1184 2887 cordi
1206 2832 1322 2887 uestro

266 2929 445 3028 inspirare
466 2927 640 3027 dignutus
662 2942 715 2998 est
732 2942 784 2998 ut
805 2928 844 2999 in
870 2929 985 3026 ipsius
1007 2930 1152 3002 nomine
1175 2930 1321 3001 domum

253 3042 463 3144 jabricetis.
485 3041 561 3116 Sed
579 3041 710 3115 uidetis
732 3043 821 3141 quia
843 3043 944 3116 luem
967 3045 1051 3132 iste,
1078 3044 1141 3116 ubi
1161 3047 1321 3145 coepistis

266 3159 473 3252 aedrfloure,
500 3159 722 3232 habitationi
743 3158 1001 3233 monachorum
1024 3179 1133 3261 aptus
1157 3187 1228 3232 non
1250 3181 1318 3249 est,

266 3280 355 3380 quia
365 3277 608 3377 ibidemaquu
617 3277 728 3365 deest,
741 3294 775 3348 et
785 3303 911 3349 nemus
922 3279 1027 3376 longe
1038 3276 1159 3374 est(a).
1175 3277 1320 3348 Certum

299 3580 338 3650 (1)
355 3577 403 3634 On
425 3595 503 3633 vena
520 3596 570 3651 par
592 3577 618 3633 la
631 3577 701 3632 suite
712 3574 747 3629 de
765 3584 838 3630 cette
857 3574 973 3629 histoire
992 3592 1046 3648 que
1063 3573 1089 3628 le
1102 3574 1259 3647 pislerinage
1272 3573 1320 3629 des

266 3666 350 3722 saints
361 3665 435 3721 lieux
453 3667 521 3721 enit
532 3666 603 3720 aussi
615 3665 745 3738 frequent
756 3663 822 3717 chca
841 3662 879 3716 les
891 3661 1046 3716 Normands
1059 3680 1094 3715 au
1108 3674 1142 3715 κν
1155 3660 1251 3727 siecle,
1265 3679 1320 3734 que

266 3754 337 3810 celui
350 3754 385 3810 de
396 3755 486 3810 Rome
499 3755 565 3809 cher
577 3754 616 3809 lcs
628 3752 838 3827 dagh-Saxona
851 3769 885 3804 au
897 3762 966 3804 vui‘.

300 3845 338 3915 (a)
353 3847 391 3900 Le
402 3845 539 3917 voisinage
551 3844 599 3898 des
613 3844 698 3899 forits
710 3844 777 3898 ‹itait
790 3841 968 3897 doublement
980 3839 1181 3914 indispensahle
1196 3858 1248 3894 aux
1260 3843 1319 3895 e'ta·

264 3932 438 3993 blissemcnts
448 3932 678 4005 monastiques,a
697 3949 777 3987 cause
797 3931 844 3985 des
863 3946 1016 3985 ressources
1035 3929 1116 4004 qu'ils
1134 3926 1319 4000 ytrouvaient

266 4031 325 4075 tant
341 4041 412 4095 pour
426 4021 486 4077 leur
501 4019 658 4094 chauffage‚
673 4039 727 4094 que
739 4038 810 4093 pour
823 4019 847 4072 la
864 4019 1024 4073 nourriture
1040 4018 1075 4073 de
1086 4018 1160 4072 leurs
1173 4016 1318 4071 immensas

266 4121 417 4182 troupeanx
430 4109 465 4164 de
478 4128 567 4182 porcs.
