2910 4980
193 403 273 477 [m
288 399 379 476 roos]
570 394 687 491 tunm
705 394 882 457 senalus.
1201 403 1260 460 ιω

191 540 276 591 rum
293 516 310 614 (
319 516 373 614 ι)’,
388 515 452 615 qui
467 512 508 588 in
522 528 618 614 pago·
630 513 870 587 Constantino
882 512 1016 587 divitiis
1033 530 1069 587 et
1085 529 1260 614 potestate

192 630 291 705 inter
302 626 538 703 Normannite
554 638 720 728 proceres
736 627 932 716 eminebat,
952 629 1111 719 secessit,
1129 644 1165 702 et
1183 645 1257 702 tam

191 744 289 844 apud
315 743 419 821 illum
447 766 557 842 quum
573 743 674 843 ‘apud
701 742 789 817 alios
811 745 945 819 amieos
971 770 1052 819 suos
1074 745 1111 817 in
1137 745 1257 819 vidui-

192 876 270 934 tate
283 880 390 960 -pene‘
401 883 476 932 xxx
493 857 596 930 annis
617 854 765 932 honeste
783 860 886 932 vixit.
905 860 1073 934 Castitate
1093 877 1129 934 et
1149 889 1256 935 man·

191 974 402 1063 sttetndine,
419 974 574 1076 'aliisque
591 973 699 1048 bonis
716 974 962 1049 honestatibus
984 975 1169 1051 laudabilis
1190 1007 1255 1054 ex-

192 1095 295 1185 titit,
324 1118 365 1166 ao
395 1091 439 1166 ad
468 1092 639 1165 ultimum
666 1118 780 1192 prope
813 1092 922 1166 finem
955 1121 1059 1167 suum
1087 1096 1255 1171 saeculare

190 1209 333 1291 scbemu
355 1210 525 1311 reliquit,
544 1225 581 1282 et
602 1236 622 1280 a
642 1209 779 1284 domno
797 1210 951 1310 Rogerio
973 1209 1100 1286 abbate
1115 1214 1254 1287 Sanctae

190 1328 383 1403 Trinitatis
393 1327 546 1427 Exequii
563 1327 619 1425 (a)
633 1352 774 1399 sacrum
789 1328 951 1403 velamen
963 1355 1046 1403 cum
1061 1331 1254 1406 devotione

188 1442 340 1543 eoepit.

234 1552 454 1655 thlermus
464 1557 507 1631 de
517 1559 704 1632 Excalfoio
713 1560 975 1659 primogenitus
983 1560 1130 1633 Ernaldi
1142 1560 1252 1649 filius,

159 1663 162 1670 ¹
189 1678 236 1750 nt'
254 1686 371 1752 ternos
395 1675 642 1750 adolescentiae
662 1674 798 1776 attigit,
825 1677 962 1748 curiam
983 1675 1139 1776 Philippi
1161 1678 1253 1778 regis

190 1792 417 1867 anoort'a'm
432 1790 541 1878 adiit,
559 1792 722 1891 regisque
739 1792 895 1891 armiger
910 1791 1024 1864 laetus
1037 1792 1070 1865 ei
1085 1792 1250 1882 servivit,

189 1901 306 1985 donec
323 1906 369 1980 ab
384 1932 427 1981 eo
442 1933 538 1979 arma
555 1907 722 1980 militaria
738 1909 887 2005 accepit.
911 1907 1047 1981 Deinde
1063 1907 1250 2008 Apuliam,

190 2016 436 2125 ubi'parentes
451 2051 589 2126 magnae
604 2023 833 2099 sublimitatis
851 2023 1021 2111 babebat,
1042 2026 1209 2125 appetiit3
1231 2052 1251 2097 a

188 2138 321 2245 qflbus
336 2140 571 2214 amicabiliter
588 2156 767 2230 retentus,
786 2141 1038 2242 perplurimas
1055 2140 1252 2241 probitates

189 2254 440 2358 multipliciter
454 2258 622 2332 exerevit.
641 2256 696 2330 lbi
714 2257 875 2334 nobilem
893 2259 938 2332 de
957 2284 1086 2357 genere
1106 2260 1251 2359 Lango-

189 2373 385 2450 hnt‘tlorum
401 2379 589 2475 conjugem
608 2377 764 2475 aceepit,
779 2390 816 2448 et
830 2376 1086 2474 possessionem
1104 2374 1250 2475 triginta

189 2491 419 2568 metellor'nm
430 2491 496 2567 sub
508 2492 686 2567 Rotberto
700 2493 833 2567 comite
843 2491 1016 2565 Lorotelli
1032 2491 1085 2590 (ὅ)
1092 2547 1104 2582 ,
1118 2505 1250 2591 nepote

189 2606 530 2695 scilieetwiscardi,
544 2605 717 2682 obtinuit.
732 2612 784 2680 Ex
795 2605 946 2680 fecunda
963 2607 1113 2680 muliere
1127 2605 1250 2679 multi·

188 2722 323 2822 plioem
337 2722 522 2825 utriusque
538 2750 640 2797 sexus
660 2722 822 2798 sobolem
841 2722 998 2819 recepit,
1017 2737 1053 2795 et
1069 2721 1251 2795 Norman·

189 2854 323 2915 nomm
334 2838 491 2930 oblitus,
506 2841 602 2913 iuter
613 2838 774 2915 Winilos
788 2840 843 2938 (4)
858 2838 934 2913 lere
950 2864 996 2912 xu
1012 2838 1115 2912 annis
1133 2837 1249 2914 bono·

189 2952 351 3029 obstita
364 2956 467 3028 vixit.

219 3176 262 3248 (ι)
280 3175 370 3233 Notre
378 3187 481 3233 auteur
491 3104 612 3233 walbu
630 3175 666 3232 ici
684 3174 980 3248 Endon-su·Cbupeau
998 3173 1096 3244 (Eudo
1112 3194 1175 3228 cum
1195 3176 1248 3230 Ca·

191 3262 287 3335 pello),
304 3262 393 3339 filule
404 3265 538 3320 Toustain
554 3264 663 3319 Halduc
678 3275 706 3320 et
719 3265 836 3318 vicomte
846 3261 884 3316 du
898 3262 1044 3328 Cotentin,
1059 3279 1122 3316 avec
1136 3261 1249 3317 Eudon-

191 3348 361 3427 lt-Dapiser,
372 3350 431 3409 lton
440 3353 489 3411 des
498 3352 540 3409 fils
547 3353 685 3409 ‹l’llubert
696 3352 731 3408 de
742 3351 803 3407 Rie.
813 3349 1090 3423 Endon-leDapffer
1100 3350 1143 3405 n’a
1152 3351 1250 3423 jamais

192 3438 284 3496 latire
295 3440 323 3497 le
335 3442 476 3499 Cotentin.

222 3532 262 3605 (a)
280 3531 387 3606 Roget,
402 3535 493 3589 moine
511 3533 550 3588 du
569 3533 635 3601 Bec,
649 3532 770 3605 premier
783 3530 853 3585 abbe
871 3529 906 3584 de
924 3527 1170 3601 lessai(1o56·29
1186 3529 1250 3600 juin

196 3624 260 3697 ¹⁰9⁴
273 3640 312 3678 ou
324 3621 342 3679 3
355 3623 455 3680 tevi-ier
469 3622 556 3698 1106).
570 3624 610 3680 Ge
622 3624 665 3678 lut
681 3641 717 3678 en
738 3622 960 3696 1194qu’ttmma
977 3630 1057 3694 repat
1071 3618 1098 3674 le
1112 3618 1184 3675 voile
1202 3618 1251 3674 des

193 3712 279 3769 minu
291 3712 328 3769 de
339 3724 384 3770 cet
394 3713 473 3771 abbe.

222 3799 264 3875 (ὅ)
282 3802 392 3860 Robert
400 3803 435 3860 de
449 3804 586 3873 loritello,
598 3803 640 3859 fils
649 3803 684 3859 de
692 3801 825 3870 Geoffroi,
838 3801 911 3858 frere
921 3801 1092 3874 oonsanguin
1100 3800 1136 3855 de
1145 3799 1251 3854 Robert

192 3888 343 3960 Gnismrd,
359 3903 388 3948 et
405 3903 495 3950 oomte
510 3893 546 3950 de
563 3893 590 3949 la
603 3893 775 3967 Capitamte.
793 3889 923 3946 Loritelle
940 3900 983 3945 est
1001 3888 1178 3962 aujourd’bui
1191 3887 1251 3944 Ro-

192 3979 270 4050 tello,
286 3981 417 4038 domnine
430 3982 507 4056 roysl
518 3983 606 4039 roisin
617 3982 652 4038 de
666 3983 768 4037 Luoere
779 3981 972 4055 (Cupimnate).

224 4071 264 4142 (4)
282 4070 362 4126 Νοω
375 4090 457 4127 avons
475 4071 537 4144 deja
553 4075 617 4127 voa
632 4070 769 4145 plusieurs
781 4071 899 4144 reprises
910 4079 992 4125 notre
1002 4079 1102 4125 auteur
1113 4067 1253 4142 employer

191 4177 222 4214 oe
235 4171 294 4216 mot
307 4160 343 4216 de
360 4162 457 4217 Winili
464 4180 501 4218 ou
520 4163 627 4218 Guinili
637 4180 710 4236 pour
721 4160 851 4236 designer
864 4161 903 4218 les
917 4158 1076 4218 lombarde.
