2910 4980
281 493 321 551 ss
555 486 738 548 nrsronn
759 486 1063 547 nocturnum.
1150 492 1341 571 [iusisse]

279 608 354 680 dies
372 605 562 679 defunctus
578 620 633 679 est
648 607 718 704 (r).
738 604 950 679 Willermus
968 605 1006 678 in
1024 604 1151 679 ordine
1168 607 1342 680 nativita-

281 724 326 794 tis
343 720 518 796 secundus
537 721 600 795 diu
616 723 725 811 vixit,
744 722 917 821 omnique
932 722 1006 794 rita
1026 747 1088 793 suu
1105 725 1244 795 cunetis
1263 723 1342 796 fra-

280 837 398 911 tribus
414 839 487 911 suis
506 839 705 938 imperavit.
724 841 812 911 Erat
827 839 925 912 enim
940 838 1097 910 multum
1111 836 1287 913 facundus
1305 857 1342 914 et

275 961 438 1056 jooosus,
465 957 584 1056 largus
601 974 646 1029 et
677 957 880 1046 animosus,
909 953 1076 1055 subjectis
1107 957 1277 1031 amandus
1304 976 1342 1032 et

277 1074 504 1149 obstantibus
526 1074 788 1149 formidandus.
814 1073 941 1147 Nullus
964 1074 1168 1147 vicinorum
1189 1074 1342 1148 audebat

280 1208 413 1266 terram
431 1195 505 1291 ejus
521 1190 599 1267 ullo
612 1190 722 1266 modo
740 1191 919 1280 invadere,
937 1216 1005 1263 nec
1023 1190 1177 1291 aliquam
1195 1193 1341 1291 inquie-

282 1307 416 1380 tudinis
430 1306 725 1382 consuetudinem
732 1307 779 1379 ab
787 1304 996 1379 hominibus
1006 1308 1079 1403 ejus
1088 1306 1240 1406 exigere.
1252 1308 1342 1405 Epi-

279 1425 436 1524 soopales
443 1424 717 1499 eonsuetudines
728 1427 765 1497 in
776 1439 856 1498 toto
866 1423 1111 1497 Monasterioli
1125 1421 1340 1496 etEscalfoii

278 1541 394 1615 fundo
423 1541 596 1630 habebat,
627 1567 693 1615 nee
720 1540 816 1613 ullus
842 1538 1178 1613 archidiaconorum
1207 1538 1341 1612 ibidem

278 1656 507 1758 presbyteros
534 1657 689 1757 ejusdem
715 1657 863 1731 honoris
889 1657 1149 1730 circumvenire
1174 1655 1339 1730 audebat.

278 1776 369 1848 Nam
390 1778 544 1851 Geroius
562 1792 665 1876 pater
689 1780 783 1875 ejus,
811 1790 1001 1876 postquam
1022 1775 1193 1874 Helgonis
1214 1773 1340 1847 fiscum

277 1893 339 1989 (nt
353 1893 597 1992 supradictum
615 1896 694 1991 est)
715 1891 897 1982 obtinuit,
920 1891 1054 1965 incolas
1072 1892 1168 1964 illius
1189 1891 1338 1988 patriae,

278 2010 321 2082 de
337 2035 412 2109 qno
428 2011 634 2109 episcopatu
651 2026 787 2098 essent,
810 2010 1009 2109 inquisivit.
1030 2010 1086 2081 llli
1102 2022 1221 2081 autem
1238 2006 1342 2081 dixe-

278 2139 367 2196 runt
382 2146 421 2199 se·
435 2125 568 2197 nullius
583 2127 805 2225 episcopatus
823 2150 910 2199 esse.
930 2124 979 2198 At
995 2126 1055 2198 ille
1071 2156 1080 2196 ε
1096 2125 1182 2198 Hoe
1196 2131 1342 2197 omnino

278 2242 454 2340 injustum
463 2259 527 2314 est.
544 2242 655 2314 Absit
665 2268 689 2313 a
700 2267 757 2313 me
769 2259 808 2312 ut
817 2245 886 2314 sim
899 2242 1036 2341 absque
1042 2257 1195 2341 pastore
1207 2257 1242 2310 et
1243 2241 1340 2338 jugo

277 2358 534 2430 ecclesimricae
545 2356 775 2458 disciplinae!
789 2355 925 2429 Deinde
937 2359 1017 2457 quis
1032 2356 1236 2427 vicinorum
1250 2380 1342 2450 prae-

279 2472 399 2543 sulum
416 2472 618 2571 religiosior
634 2488 724 2546 esset
740 2470 983 2570 investigavit3
1006 2468 1209 2569 agnitisque
1224 2470 1341 2540 virtu·

278 2584 374 2658 tibus
390 2588 535 2687 Rogerii
552 2589 784 2662 Luxoviensis
800 2587 971 2687 episcopi,
986 2586 1017 2659 ei
1031 2601 1152 2659 totum
1163 2582 1342 2657 honorem

277 2726 383 2774 sunm
404 2701 630 2805 subjugavit,
649 2721 686 2778 et
701 2704 905 2777 Baldricum
920 2703 965 2776 de
982 2702 1193 2802 Balgenzaio
1201 2755 1214 2790 ,
1232 2727 1342 2801 gene-

276 2844 408 2918 rosque
430 2845 511 2893 suos
523 2875 535 2911 ,
561 2822 808 2895 Wascelinum
832 2822 876 2895 de
901 2823 1017 2895 Ponte
1040 2819 1277 2894 Erehenlredi
1305 2834 1342 2893 et

275 2936 471 3035 Rogerium
484 2936 529 3011 de
542 2939 694 3027 Merula,
713 2954 826 3012 terras
842 2965 933 3028 suas,
952 2965 1034 3039 quae
1053 2936 1160 3010 simili
1175 2935 1342 3010 libertate

276 3054 537 3142 abutebantur,
567 3059 720 3156 praelato
745 3057 909 3156 pontifici
939 3057 1104 3129 similiter
1129 3053 1341 3128 submittere

275 3172 459 3269 persuasit.
474 3174 647 3273 Rogerius
660 3176 776 3273 itaque
789 3173 935 3272 praesul,
950 3173 1073 3246 ridens
1086 3168 1184 3269 quod
1197 3168 1339 3268 praefati

276 3288 464 3387 optimates
481 3288 549 3361 sibi
574 3305 702 3389 sponte
719 3315 779 3360 sua
798 3288 1087 3374 humiliarentur,
1109 3286 1339 3386 congratula-

278 3420 334 3477 tus
352 3420 405 3478 est
427 3405 496 3494 eis,
514 3403 683 3503 deditque
700 3403 929 3502 privilegium
945 3418 988 3473 ut
1004 3400 1124 3474 cleriei
1143 3417 1248 3474 terrae
1265 3426 1339 3474 snae

277 3546 352 3594 non
379 3522 475 3595 irent
496 3522 540 3592 ad
562 3519 805 3620 placitandum
831 3533 930 3592 extra
952 3532 1166 3618 potestatem
1189 3543 1337 3605 eornm,

312 3795 352 3865 (ι)
363 3792 574 3860 llsemblerait,
589 3792 695 3867 d'apres
712 3804 793 3849 notre
802 3804 911 3861 auteur,
928 3810 1027 3868 queue
1040 3809 1210 3866 personnsge
1221 3791 1340 3846 n’aurait

278 3899 325 3953 pas
336 3881 419 3939 nisse
435 3883 589 3949 d'enlants3
606 3883 759 3956 cependant
774 3883 801 3937 la
813 3883 945 3938 donatiuo
965 3902 1001 3937 au
1018 3884 1172 3937 monestere
1188 3881 1223 3936 de
1235 3881 1262 3934 la
1274 3882 1339 3936 Tri-

279 3971 483 4029 nitedudllont
495 3972 530 4028 de
541 3973 568 4026 lu
580 3983 653 4027 tene
671 3973 705 4027 de
721 3972 871 4028 Girerville
881 3973 892 4042 (
904 3970 1104 4043 Gutturdr'villa)
1117 3990 1167 4044 per
1178 3969 1340 4025 Guillaume

278 4049 642 4133 d'Ecluuiour,estruretue
652 4062 722 4117 dela
733 4062 914 4135 souseription
928 4063 1064 4116 suivante:
1079 4062 1196 4132 Signum
1210 4059 1342 4113 Wr‘llelru‘

280 4151 332 4207 tlt·
350 4150 478 4207 emotas·
495 4151 531 4206 de
552 4153 725 4219 Mosten‘olo,
747 4156 797 4225 qui
815 4150 892 4206 dedit
907 4150 937 4204 S.
962 4152 1096 4206 Trinitati
1106 4149 1242 4204 decimam
1256 4151 1340 4204 totius

314 4240 404 4297 udem
419 4243 627 4313 Gut‘ardr‘rr'llu,
641 4243 837 4315 presbyterum
851 4243 1033 4299 aecclesiam
1045 4239 1134 4297 alodii
1141 4239 1215 4311 jure
