2910 4980
195 473 254 535 444
470 474 654 537 HISTORIA
676 474 980 539 ecctmlsrlcs.

242 593 415 667 Proefatus
449 593 553 668 heros
590 596 866 696 suprascriptam
889 596 1049 671 chartam
1076 596 1262 699 subscrip-

194 701 294 784 tione
312 736 372 782 sua
394 709 641 800 confirmavit,
663 728 702 784 et
724 713 900 787 Mainerio
921 711 1041 786 abbati
1065 713 1261 812 praedicta-

193 855 277 900 rum
292 828 541 902 investituram
552 855 675 903 rerum
687 855 809 902 coram
821 829 947 903 multis
960 831 1097 905 idoneis
1111 829 1262 904 testibus

195 943 356 1017 tradidit.
386 945 465 1017 Filii
495 946 593 1021 enim
609 949 682 1045 ejus
709 946 890 1020 affuerunt
913 977 922 1018 ε
949 945 1148 1036 Ansoldus,
1165 947 1262 1023 Ted-

193 1057 318 1133 baldus
345 1075 381 1133 et
405 1058 637 1149 Guillelmus,
667 1062 862 1162 generique
887 1064 961 1162 ejus
985 1060 1193 1136 Gualterius
1219 1064 1263 1137 de

193 1176 323 1249 Pexeio
348 1177 403 1274 (ι)
437 1192 473 1250 et
502 1176 684 1250 Baldricus
707 1177 752 1251 de
780 1178 927 1267 Drocis,
952 1202 1193 1279 proceresque
1218 1176 1272 1263 de

191 1291 323 1364 Manlia
339 1322 347 1364 :
367 1295 471 1393 llugo
487 1307 523 1366 et
538 1291 757 1393 Stephanus,
779 1293 983 1368 Gualterius
998 1294 1208 1395 Presbyter,
1226 1309 1262 1369 ct

192 1406 396 1484 Gualterius
409 1411 511 1485 miles
525 1426 768 1512 cognomento
777 1411 954 1504 costatus,
967 1410 1157 1486 Rioberius
1169 1415 1263 1486 Prae·

191 1525 328 1624 positus
340 1543 375 1600 et
388 1527 500 1603 Fulco
512 1527 575 1601 lilii
590 1527 769 1602 Fulcherii
779 1583 790 1617 ,
812 1532 918 1628 Hugo
937 1543 973 1602 et
990 1529 1070 1605 0do
1086 1529 1262 1603 Gualouis

192 1640 273 1733 filii,
285 1648 441 1716 Heraeus
454 1644 626 1717 Heroar·di
643 1644 751 1733 filius,
767 1659 802 1718 et
817 1672 944 1746 magua
958 1672 1038 1745 pars
1055 1646 1262 1720 Manliensis

192 1756 404 1855 parrocbiae.
418 1760 534 1833 Porro
547 1759 742 1832 Mainerius
756 1758 865 1833 abbas
882 1759 1015 1835 ibidem
1028 1759 1261 1835 Goisbertum

166 1941 168 1943 ,
191 1877 352 1974 priorem
368 1875 569 1966 ordinavit,
589 1879 650 1977 qui
668 1905 754 1952 mox
771 1882 918 1976 parvam
930 1878 1114 1952 ecclesiam
1123 1932 1135 1967 ,
1155 1905 1261 1979 quam

194 1991 417 2069 Godelredus
426 2051 439 2088 ,
461 2023 601 2096 maguae
624 1996 861 2095 simplicitatis
877 2013 914 2070 et
930 1997 1151 2071 innocentiae
1164 2023 1260 2099 pres·

194 2109 315 2210 byter‚
336 2130 518 2212 coeperat,
539 2114 815 2187 consummavit.
834 2114 918 2187 Non
941 2113 1057 2187 multo
1072 2129 1158 2214 post
1178 2140 1264 2188 mo-

195 2227 317 2300 nachis
356 2230 453 2303 intus
488 2247 524 2304 et
561 2247 660 2304 extra
697 2228 1025 2304 convalescentibus
1036 2284 1048 2318 ‚
1084 2228 1261 2330 bonisque

195 2344 441 2442 parrochianis
449 2346 493 2419 de
502 2361 677 2445 provectu
693 2372 821 2421 eorum
833 2343 1187 2445 congratulantibus,
1206 2344 1262 2419 dc·

195 2475 330 2533 structa
349 2462 459 2535 veteri
477 2461 553 2534 aede
569 2476 700 2534 sanctae
719 2461 859 2549 Mariae,
879 2486 972 2533 nova
990 2458 1133 2559 pulchri
1146 2460 1262 2559 operis

196 2592 315 2674 coepta
330 2592 399 2664 est,
418 2594 453 2650 et
470 2578 992 2677 secundumopportuuitatem
1006 2602 1072 2676 per
1083 2604 1132 2648 xx
1149 2600 1264 2648 annos

195 2691 262 2765 sub
281 2692 476 2768 Goisberto
498 2712 534 2769 et
557 2695 793 2768 Guidmundo
811 2721 851 2767 ac
872 2696 1029 2795 Rogerio
1054 2709 1091 2768 et
1113 2695 1263 2795 Hugone

195 2809 379 2906 prioribus
399 2811 579 2910 eleganter
594 2827 733 2911 peracm
748 2827 800 2885 est
814 2813 881 2911 (s).
895 2811 1020 2884 Plures
1032 2808 1166 2884 ibidem
1180 2836 1262 2884 mo·

234 3165 273 3235 (ι)
291 3163 391 3218 Poissi.

233 3254 272 3325 (a)
290 3253 368 3308 Nous
381 3270 416 3308 oe
431 3270 550 3326 pensons
565 3270 614 3326 pas
626 3251 695 3326 qu'il
705 3251 779 3306 laille
792 3250 913 3324 prendre
924 3254 940 3306 l
955 3249 981 3304 la
993 3248 1075 3303 lettre
1093 3245 1133 3304 les
1144 3245 1264 3302 donnes

199 3345 322 3403 tournies
334 3344 370 3400 ici
380 3363 430 3418 par
439 3354 520 3400 notre
533 3355 633 3400 auteur
642 3360 690 3399 sur
698 3342 802 3416 l'eglise
814 3342 850 3397 de
860 3340 961 3397 Maule.
977 3339 1163 3412 L’iospection
1175 3335 1211 3392 de
1223 3346 1264 3392 cet

199 3435 298 3492 edifice
317 3451 387 3490 nous
400 3435 488 3509 paralt
507 3433 669 3491 demontrer
681 3452 736 3508 que
754 3433 885 3488 Goisbert
902 3442 932 3488 et
945 3449 989 3487 ses
1001 3446 1174 3485 successeura
1191 3427 1265 3483 n‘oot

199 3527 279 3600 point
289 3527 348 3581 rask
360 3524 399 3580 les
411 3525 615 3580 constructione
627 3523 662 3579 ‹le
671 3523 823 3592 Godesroi,
839 3522 908 3578 mais
919 3519 1001 3596 qu’ils
1013 3537 1042 3575 se
1051 3528 1115 3574 sont
1124 3518 1265 3573 coutentes

200 3615 245 3690 d’y
251 3617 369 3688 ajouter.
379 3616 503 3672 L'abside
512 3635 547 3671 en
557 3614 770 3690 particulierme
779 3614 868 3688 paralt
878 3613 1011 3671 streties
1022 3609 1201 3666 visiblement
1208 3607 1265 3664 leur

200 3723 334 3777 ouvrage,
348 3705 412 3763 saus
418 3704 467 3760 des
479 3707 693 3761 remaniements
705 3703 873 3777 posterieurs
883 3702 941 3757 tres
949 3700 1068 3756 facilest
1080 3698 1264 3754 reconnaitre.

200 3796 270 3850 Mais
288 3794 401 3850 toutela
417 3795 544 3851 muraille
561 3793 775 3869 septentrionale
788 3791 823 3848 de
840 3791 867 3846 la
879 3790 939 3859 nel,
961 3801 990 3845 et
1006 3789 1098 3844 meme
1111 3806 1168 3843 une
1183 3786 1266 3861 petite

201 3884 313 3956 portion
331 3883 366 3939 de
387 3902 416 3939 sa
436 3884 562 3939 mamille
581 3883 762 3938 meridionale
781 3899 841 3936 vers
854 3880 969 3947 l’ouest‚
991 3897 1036 3934 me
1052 3876 1206 3951 paruissent
1220 3873 1265 3929 des
1316 3884 1317 3887 ’

202 3984 286 4028 restes
300 3973 335 4030 de
353 3973 458 4048 l'eglise
477 3973 512 4030 de
532 3973 677 4029 Godefroi.
691 3973 836 4028 Pom-altre
848 3972 939 4027 meme
957 3969 997 4025 les
1015 3968 1110 4041 piliers
1123 3965 1229 4021 massib
1237 3973 1265 4018 et

203 4073 297 4116 courts
309 4062 344 4118 de
354 4080 398 4117 ces
405 4061 544 4117 murailles
553 4072 582 4118 et
592 4061 632 4117 les
641 4060 752 4116 arcades
762 4060 901 4133 rustiquea
909 4057 945 4113 de
957 4056 982 4112 la
988 4056 1127 4130 premiere
1136 4054 1198 4128 (qui
1208 4069 1266 4126 rap-

204 4150 307 4222 pcllent
320 4155 335 4206 a
348 4151 397 4206 des
412 4153 600 4208 observateurs
613 4149 762 4206 normands
774 4149 800 4205 la
813 4147 906 4205 uelde
921 4144 1090 4221 briquebec)
1105 4141 1267 4200 uenient-its

220 4259 302 4296 neore
315 4243 477 4298 anterieurs.
495 4242 542 4299 On
558 4261 592 4298 nc
609 4242 671 4298 doit
682 4259 717 4297 en
738 4240 848 4314 general
859 4249 985 4313 acceptet
1000 4237 1111 4312 qu’avec
1126 4234 1267 4305 beaucoup
