2910 4980
191 452 316 533 nem]
562 451 881 528 memorares.
1195 457 1255 516 ers

190 574 269 649 Rex
281 587 402 647 autem
417 571 509 646 dixit
530 601 537 639 :
557 574 825 674 Praeposterum
839 590 907 663 est,
915 573 1000 673 fili,
1017 574 1116 673 quod
1130 592 1250 678 optas.

189 689 278 767 Noli
302 706 431 765 temere
451 691 555 791 patri
579 705 643 762 tuo
667 690 762 762 nelle
788 689 1013 763 dominatum
1031 694 1253 793 proripere,

191 833 299 906 quem
328 807 377 883 ab
407 805 470 879 illo
503 806 611 883 debes
638 807 695 905 (si
720 807 856 907 dignus
880 807 1022 906 fiteris)
1056 825 1256 910 opportuno

191 939 351 1027 tempore
388 951 469 996 oum
503 921 778 1019 favorabilibus
808 923 941 1025 populi
976 928 1071 999 votis
1111 928 1150 997 in
1182 927 1258 998 Dei

191 1044 441 1119 benedictione
472 1042 666 1141 suscipere.
708 1039 869 1142 Optimos
905 1041 998 1142 elige
1031 1040 1099 1113 tibi
1135 1048 1257 1116 oonsi-

192 1163 321 1236 liaa'os
329 1218 342 1251 ,
362 1178 396 1233 et
404 1160 609 1262 prudenter
616 1183 789 1260 praecare
805 1163 1031 1250 temerarios,
1053 1163 1119 1260 qui
1138 1176 1173 1232 te
1190 1165 1259 1235 sti·

190 1279 384 1368 rutilantes,
406 1276 633 1379 impudenter
643 1278 796 1351 incitam
808 1277 863 1349 aa
877 1296 980 1352 actus
993 1281 1168 1372 nefarios.
1183 1280 1258 1351 Re-

191 1395 380 1468 mim'soeru
403 1394 496 1494 quid
515 1393 692 1466 Absalom
705 1392 864 1487 secent,
893 1394 1051 1493 qualiter
1074 1398 1112 1465 in
1133 1395 1260 1469 Dauid

187 1527 335 1612 patrem
361 1537 467 1583 suum
499 1508 739 1599 rebellaverit,
774 1527 809 1581 et
834 1536 944 1610 quam
975 1511 1071 1584 male
1101 1529 1175 1584 tam
1203 1511 1260 1585 illi

191 1652 305 1726 quam
332 1625 555 1727 Acbitopbeb
578 1641 613 1696 et
639 1627 812 1713 Amasoe,
853 1624 1009 1723 aliisque
1038 1628 1258 1701 consiliariis

192 1761 227 1817 et
243 1741 461 1844 fautoribus
483 1745 560 1816 suis
584 1743 786 1838 contigerit.
807 1742 1015 1818 Normanni
1034 1771 1174 1846 semper
1197 1747 1258 1817 in-

192 1863 306 1963 quieti
320 1879 422 1949 sunt,
444 1877 478 1932 et
495 1858 782 1960 perturbationes
801 1859 969 1932 ardenter
980 1863 1119 1934 sitiunt.
1135 1863 1217 1961 Ipsi
1226 1881 1259 1934 te

193 1980 249 2053 ad
267 1981 393 2054 stultos
421 1994 573 2052 conatus
590 1992 807 2078 provocant,
834 1993 872 2046 ut
897 1976 1049 2049 turbatis
1074 1977 1178 2051 rebus
1204 1981 1260 2050 in-

194 2095 427 2194 disciplinate
440 2108 569 2192 agant,
582 2092 818 2189 nefan'asque'
827 2095 988 2163 actiones
1001 2093 1148 2193 impune
1161 2119 1261 2166 eaer-

195 2226 314 2284 oeant.
340 2210 433 2285 Noli
458 2209 691 2308 adquiescere
708 2206 942 2308 petulantum
962 2209 1276 2309 persuasionibus·

189 2329 386 2426 juvenum,
405 2325 475 2399 secl
487 2352 513 2397 a
529 2323 725 2397 Guiilelmo
742 2341 776 2395 et
792 2321 1004 2421 Larffranco
1020 2325 1262 2427 arehiepisco-

191 2445 253 2542 pis
273 2459 308 2516 et
332 2442 418 2517 abiis
440 2442 631 2543 sopbistis,
655 2442 877 2540 maturisque
889 2442 1102 2543 proceribus
1121 2443 1262 2542 inquire

194 2560 400 2634 eonsilium.
422 2561 535 2660 Quod
546 2563 582 2632 si
594 2559 789 2658 diligenter
799 2559 1058 2649 observaveris,
1077 2562 1115 2631 in
1144 2558 1262 2631 mede

194 2674 293 2749 bono
314 2694 489 2777 proventu
516 2690 717 2776 opportune
739 2673 967 2769 glon'aberis.
1000 2674 1047 2747 Si
1071 2700 1156 2747 cem
1182 2674 1264 2746 Ro-

194 2789 309 2864 boam
317 2847 332 2881 ,
359 2791 624 2891 quilianum,
650 2791 876 2890 aliorumque
900 2791 1106 2892 sapientum
1127 2793 1265 2862 monita

190 2909 347 3010 sprevit,
369 2909 531 2979 imitatus
536 2903 661 3004 fueris
666 2963 680 2996 ,
703 2922 737 2978 et
753 2909 928 3006 juvenum
939 2909 1057 3001 jussis
1075 2906 1265 2979 obsecutus

170 3023 330 3120 fueris,
349 3024 552 3124 dejectione
571 3040 606 3096 et
623 3025 772 3124 repuisa
788 3025 938 3124 (quibus
955 3028 1035 3126 ipse
1049 3028 1128 3098 suis
1143 3040 1179 3097 et
1194 3051 1264 3096 ee-

195 3142 285 3214 seris
312 3139 446 3235 viluit)
470 3140 537 3211 diu
565 3166 718 3212 maerens
742 3143 905 3240 potieris.
939 3140 1119 3214 Robertus
1144 3138 1261 3211 dixit:

193 3257 308 3347 Huc,
336 3256 482 3329 domine
504 3263 555 3327 mi
574 3283 661 3346 rea,
689 3284 761 3328 non
784 3260 926 3331 accessi
947 3283 1016 3357 pro
1042 3254 1265 3330 sermonibus

195 3372 418 3464 audiendis,
438 3398 591 3473 quorum
608 3377 716 3474 eopia
731 3376 946 3473 frequenter
968 3397 1080 3475 usque
1102 3371 1156 3444 ad
1175 3398 1266 3444 nau-

199 3514 305 3563 seam
321 3486 475 3561 imbutus
490 3514 570 3560 sum
587 3515 612 3559 a
625 3489 892 3586 grammaticis.
915 3488 1053 3561 Verum
1067 3490 1113 3559 de
1129 3485 1263 3574 debito,

201 3633 311 3708 quem
336 3606 544 3710 praestolor,
573 3604 723 3695 bonore,
754 3604 845 3676 mibi
871 3608 961 3679 satis
991 3602 1169 3705 responde
1181 3636 1198 3689 ,·
1228 3618 1267 3673 ut

202 3726 320 3798 sciam
332 3724 423 3823 quid
431 3722 520 3795 mibi
532 3724 716 3797 conveniat
713 3719 858 3821 sacere.
871 3723 954 3796 Hoc
960 3748 1031 3824 pro
1044 3720 1268 3813 certofleum

204 3858 258 3915 est
274 3840 379 3941 apud
398 3867 471 3930 nse,
492 3856 525 3912 et
546 3838 711 3913 omnibus
725 3839 810 3912 volo
827 3854 951 3911 notum
967 3866 1045 3912 esse
1064 3836 1166 3938 quod
1180 3833 1268 3907 ulte-

204 3964 282 4030 rius
300 3959 339 4028 iu
355 3957 587 4030 Normannia
599 3958 736 4027 nemini
745 3954 910 4027 militabo
921 3955 988 4028 sub
1003 3953 1265 4054 mancipiorum

175 4069 305 4167 jutili
320 4074 537 4146 conditione.

257 4191 320 4262 His
337 4189 464 4263 auditis
483 4193 592 4264 iratus
611 4219 670 4265 rex
689 4191 780 4264 dixit
800 4223 807 4264 :
828 4191 912 4264 Jarn
931 4190 1015 4263 diei
1032 4189 1096 4263 tibi
1111 4205 1170 4262 sat
1189 4214 1268 4260 ma-
