2910 4980
190 411 296 487 [ruo]
555 403 884 482 sruusousurus.
1192 410 1253 470 rer

190 527 319 604 dcutu
334 541 432 628 putet
450 528 488 599 iu
506 523 602 601 libro
617 525 662 600 de
680 551 834 626 corpore
855 542 893 601 ct
913 527 1086 626 sanguiue
1106 528 1255 604 Domini

192 659 319 719 oontru
335 642 744 742 Beoengarium(1),u
765 643 804 717 iu
826 642 903 719 aliis
926 644 1106 743 opusculis
1130 645 1253 744 ipsius.

192 762 258 835 llic
279 762 401 862 itaque
419 787 502 859 epm
518 788 537 833 a
556 788 639 860 rege
661 777 850 861 rogaretur
867 777 908 833 ut
930 762 966 833 in
984 761 1113 862 Anglii
1134 788 1256 855 secum

195 895 418 966 moreretur,
446 893 483 953 ct
511 903 715 979 congruum
741 895 881 977 tempus
908 905 992 952 cum
1018 880 1257 979 promovendi

194 993 494 1093 prestolaretur„
509 1019 632 1067 secum
657 992 838 1067 subtiliter
867 994 1101 1083 deliberarit,
1134 996 1259 1096 suique

196 1118 325 1205 votum
335 1096 511 1211 propositi
527 1110 624 1183 aliud
637 1136 710 1219 essq
722 1108 971 1184 demonstrans
980 1164 991 1199 ,
1010 1113 1085 1210 regi
1102 1137 1257 1209 respon-

197 1222 276 1300 dit:

246 1342 379 1423 Mutus
399 1369 521 1419 causoe
546 1369 603 1415 me
625 1344 802 1445 repellunt
823 1343 871 1416 ab
894 1343 1138 1418 ecclesiastico
1165 1347 1265 1444 regi·

200 1463 314 1547 mine,
334 1486 427 1559 quas
443 1486 566 1534 omnes
583 1460 798 1571 singulapin
814 1460 900 1534 nolo
920 1487 988 1533 nec
1010 1461 1113 1534 decet
1134 1464 1265 1562 expri-

201 1601 309 1649 mere.
328 1575 376 1649 In
386 1577 517 1675 prinus
534 1574 761 1675 infimitates
777 1600 899 1667 meas,
914 1575 1043 1676 quibus
1062 1578 1101 1649 in
1117 1572 1268 1681 corpore

203 1709 236 1764 et
251 1692 381 1793 anima
396 1698 788 1792 incessanterpremor,
806 1689 1017 1779 considero,·
1034 1686 1268 1791 quiboedtti·

203 1824 329 1906 genter
336 1809 538 1910 perspectis
562 1808 727 1921 diuinum
746 1835 901 1883 eramen
923 1809 1149 1885 uehementer
1157 1811 1271 1913 perti·

206 1950 346 2015 muco,
371 1950 523 2001 marens
546 1926 648 2025 quud
665 1929 704 1998 in
730 1928 792 1999 uia
812 1926 885 1999 Dei
909 1926 1072 2024 quotidie
1094 1924 1221 2017 labor,-
1236 1942 1272 1999 et

207 2071 232 2116 a
243 2047 392 2119 aenan
408 2042 557 2153 uacillo.
578 2022 630 2116 lit
645 2043 735 2116 dum
751 2045 930 2144 meipsum
946 2041 1273 2131 salubritsnmoda·

207 2160 285 2247 rari
299 2184 452 2260 nequeo,
471 2160 627 2258 qualiter
642 2159 801 2235 aliorum
813 2161 938 2259 pitens
948 2159 1003 2235 erl
1022 2158 1153 2233 salutis
1169 2161 1274 2235 uias·

207 2276 366 2383 dippeus
386 2275 528 2351 valeo?
554 2274 730 2349 Omnibus
753 2266 864 2376 vigili
885 2276 1003 2349 niente
1018 2276 1271 2377 perlustratis,

208 2418 281 2467 non
298 2388 407 2465 uideo
428 2417 503 2490 qua
520 2389 599 2491 Iege
619 2382 781 2490 damini
791 2417 952 2494 praesse
969 2391 1116 2495 vanans
1131 2390 1275 2464 illorum

209 2516 344 2595 cuneo,
356 2532 514 2609 quorum
531 2523 727 2580 extraneos
737 2532 873 2596 mores,
894 2486 1162 2606 barbarumque
1177 2506 1276 2580 locu·

210 2604 344 2697 tionem
368 2627 512 2712 nescio,
537 2649 688 2722 quorum
701 2639 830 2724 patres
853 2648 1030 2722 carosque
1049 2640 1222 2723 parentes
1243 2640 1278 2696 et

211 2724 550 2813 anticos'occidistis
563 2739 693 2835 gladio
699 2796 712 2829 ,
730 2739 792 2811 nel
806 2738 1061 2813 exheredatos
1075 2742 1278 2842 opprimitis

212 2858 326 2932 eailio
334 2914 349 2947 ,
387 2857 448 2930 uel
479 2883 645 2948 carcere,
678 2858 740 2930 uel
770 2856 952 2945 indebito,
987 2858 1279 2957 intolerabilique

212 2966 368 3048 seruitio.
389 2972 617 3046 Scrutamini
630 2975 830 3074 scripturas
837 3029 850 3063 ,
869 2991 903 3047 et
920 2975 1042 3048 uidete
1056 2979 1092 3048 si
1106 3003 1183 3075 qua
1199 2975 1279 3074 lege

214 3092 379 3166 sancitur
394 3108 432 3161 ut
445 3089 641 3181 Dominico
652 3093 757 3188 gregi
766 3105 900 3187 pastor
909 3090 958 3162 ab
975 3093 1132 3164 inimicis
1145 3093 1278 3163 electus

215 3207 393 3282 uiolenter
404 3209 622 3308 impanatur.
638 3207 903 3280 Ecclesiastico
918 3209 1045 3281 electio
1054 3211 1162 3309 prius
1176 3208 1281 3280 debet

217 3324 264 3399 ab
283 3327 375 3427 ipsis
394 3323 566 3424 subjectis
575 3323 758 3418 fidelibus
779 3349 863 3396 cum
880 3327 1088 3398 sinceritate
1097 3324 1207 3425 fieri,
1233 3352 1281 3399 ac

213 3441 447 3544 postmodum
475 3440 736 3542 astipulatione
754 3458 907 3543 patrum
935 3457 969 3512 et
997 3443 1201 3516 amicorum
1224 3443 1282 3540 (si

220 3561 398 3631 cananea
420 3557 499 3655 est)
524 3573 719 3631 reverenter
744 3554 964 3655 confirmari.
994 3557 1172 3656 Alioquin
1199 3584 1282 3630 cum

221 3678 371 3749 cantate
381 3672 487 3747 debet
498 3674 698 3747 emendari.
714 3673 828 3772 Quod
840 3673 934 3746 bello
945 3691 979 3745 et
991 3674 1166 3772 effusione
1176 3676 1284 3747 multi

257 4018 294 4088 (ι)
317 4015 484 4071 Guitmundi
492 4016 614 4085 episcopi
622 4014 762 4068 Aversani
767 4054 773 4072 ,
787 4010 822 4063 (le
834 4013 957 4082 corporis
967 4021 994 4064 et
1004 4016 1152 4085 sanguinis
1163 4019 1283 4069 ueritate

229 4105 252 4155 in
266 4103 455 4159 Eucharistia.
468 4102 522 4158 Cet
535 4119 653 4174 ouvrage
663 4101 706 4155 fut
717 4101 845 4171 composti
857 4116 916 4152 vers
930 4096 1005 4174 1075.
