2910 4980
466 411 526 470 280
740 409 924 468 HISTORIA
946 409 1251 472 EccthnsTlcs.
1365 413 1432 487 [71

467 540 602 599 cartam
614 525 730 624 sigillo
744 551 810 599 suo
821 527 996 626 signatam
1010 528 1045 598 in
1062 529 1251 626 praesentia
1261 526 1432 626 episcopo
1449 582 1452 589 ι

464 668 729 744 procerumque
744 669 893 716 suorum
915 643 1174 745 confirmavit(
1198 647 1229 744 ).

514 761 564 832 Et
572 762 654 861 quia
666 761 833 859 palustris
842 760 972 834 humus
983 761 1187 837 Grulandioe
1196 764 1255 862 (ut
1264 764 1381 862 ipsum
1393 789 1445 838 no

344 933 350 941 a
465 878 628 964 intimat;
645 877 836 950 Crulandia
849 879 948 951 enim
964 879 1133 951 crudam:
1148 880 1249 955 idest
1260 906 1440 956 caeuosam

463 1021 541 1065 ram
554 993 751 1093 significat)
764 993 934 1092 lapideam
948 995 1082 1068 molcm
1094 997 1269 1071 sustinere
1280 1022 1357 1072 nou
1370 1023 1421 1098 po
1445 1031 1455 1063 ι

463 1110 635 1209 praefatus
649 1137 711 1184 rex
720 1111 890 1211 ‘ingentes
903 1137 946 1184 ex
959 1138 1099 1211 quercu
1111 1113 1210 1211 palos
1222 1115 1426 1187 innumerae
1449 1151 1453 1176 ι

466 1228 631 1301 titudinis
650 1228 760 1302 bumo
780 1229 880 1328 infigi
896 1227 1003 1316 fecit,
1028 1228 1227 1330 duramque
1249 1247 1383 1305 terram
1396 1255 1441 1303 n·

463 1345 626 1416 miliariis
642 1370 706 1442 per
723 1370 869 1443 aquam,
888 1342 933 1418 de
947 1343 1160 1443 Uppalouda
1177 1347 1236 1444 (n)
1258 1377 1267 1417 :
1292 1345 1329 1419 id
1349 1361 1405 1420 est
1424 1373 1455 1418 ει

463 1463 553 1537 riori
580 1477 694 1548 terra,
725 1460 861 1560 scapbis
881 1460 1013 1535 deferri
1036 1476 1074 1535 et
1093 1461 1280 1561 paludibus
1303 1464 1438 1538 commi

464 1580 609 1665 statuit,
628 1594 665 1652 et
680 1580 730 1650 sic
749 1578 921 1676 lapideam
935 1579 1034 1678 (qnia
1048 1605 1145 1652 sacer
1157 1578 1354 1653 Gutblacus
1366 1606 1430 1654 ora

466 1708 657 1769 contentus
670 1711 723 1765 est
734 1693 869 1792 ligneo)
885 1693 1065 1766 basilicam
1080 1698 1354 1794 coepitetcons·
1374 1734 1394 1763 n
1414 1733 1433 1761 tt
1450 1734 1453 1758 ς

464 1811 606 1886 Deinde
615 1811 801 1911 religiosos
815 1810 863 1883 ibi
879 1813 976 1884 viros
988 1815 1202 1913 aggregavit,
1218 1813 1432 1887 coenobium
1452 1849 1455 1876 ι

465 1927 574 2016 didit,
606 1927 828 2000 ornamentis
851 1943 887 1999 ct
912 1925 1052 2015 fundis,
1077 1928 1226 2029 aliisque
1248 1928 1383 2002 divitiis
1409 1927 1439 1999 l·

465 2041 614 2135 ditavit,
634 2041 677 2114 ad
694 2040 871 2116 honorem
891 2042 954 2113 Dei
975 2057 1011 2114 et
1026 2045 1139 2115 sancti
1157 2042 1396 2131 anachoritae,
1430 2079 1437 2109 ι

468 2159 568 2233 valde
585 2157 774 2240 dilexerat,
791 2184 859 2257 pro
878 2155 975 2230 dulci
996 2159 1260 2247 consolatione,
1278 2186 1386 2259 quam
1401 2157 1450 2231 ab

467 2274 555 2347 dum
576 2272 758 2360 exulabat,
779 2273 963 2346 multoties
978 2291 1198 2371 perceperat.
1218 2274 1423 2347 Eumdemi
1450 2310 1454 2335 ε

468 2393 590 2465 locum
599 2391 698 2464 omni
713 2391 784 2462 vita
798 2416 858 2462 sua
869 2388 1013 2475 dilexit,
1030 2414 1265 2490 necunquam
1280 2404 1362 2488 post
1376 2391 1453 2488 pri·

468 2508 787 2593 instaurationem,
814 2532 922 2605 quam
939 2504 1034 2579 idem
1050 2533 1113 2579 rex
1132 2505 1238 2590 fecit,
1258 2506 1355 2582 sedes
1371 2505 1451 2578 Cru

467 2624 537 2698 diae
560 2623 812 2722 religiosorum
834 2621 1054 2694 habitatione
1075 2622 1335 2695 monachorum
1356 2647 1450 2722 usqu

469 2739 686 2812 hodiernum
695 2736 790 2809 diem
803 2738 918 2807 caruit
928 2737 996 2834 (ὅ).
1013 2734 1190 2809 Kenulsus
1198 2735 1345 2836 quidam
1356 2737 1395 2808 in
1405 2736 1445 2808 di

471 2854 540 2924 illis
560 2878 699 2951 magnae
717 2850 823 2924 famae
841 2850 930 2939 fuit,
952 2851 1016 2951 qui
1036 2851 1291 2923 monasterinm
1309 2851 1347 2922 S.
1364 2848 1423 2922 Gn
1452 2889 1455 2915 ι

470 2994 536 3069 per
555 2966 701 3067 aliquod
723 2983 862 3064 tempus
883 2968 996 3055 rexit,
1023 2994 1043 3038 a
1064 2992 1139 3067 quo
1160 2966 1394 3039 Keuulfestau
1418 2992 1455 3038 a·

470 3087 605 3160 dicitur
616 3085 723 3185 lapis,
740 3111 848 3185 quem
860 3086 933 3182 ipse
945 3109 1014 3183 pro
1027 3084 1142 3157 limite
1154 3100 1280 3156 contra
1292 3084 1455 3184 Deping

471 3205 593 3304 posuit
611 3203 681 3300 (4).

508 3467 547 3534 (ι)
566 3463 659 3533 Voycz
667 3459 735 3514 daus
742 3458 933 3533 lngulphe,p.
943 3475 959 3510 a
969 3499 976 3522 ,
986 3467 1058 3512 cette
1065 3459 1160 3512 charte
1169 3459 1217 3531 qui
1228 3454 1455 3529 porteladated

511 3554 549 3627 (a)
569 3553 605 3606 La
623 3550 782 3605 traductiou
797 3550 832 3604 dc
850 3560 931 3604 notre
951 3559 1050 3602 auteur
1066 3559 1108 3603 est
1127 3549 1162 3602 ici
1176 3547 1370 3620 parlaitemcut
1383 3546 1455 3617 just

474 3643 615 3698 habitante
628 3639 676 3693 des
688 3639 788 3693 marala
801 3656 829 3693 se
843 3648 951 3693 servent
963 3654 1063 3693 cucone
1075 3636 1114 3691 du
1126 3647 1185 3691 mot
1198 3634 1308 3708 upland
1320 3652 1392 3707 pour
1406 3633 1452 3688 dn

474 3729 514 3785 les
527 3729 645 3783 terrains
656 3729 825 3799 superieurs.

512 3819 551 3892 (3)
569 3821 660 3874 Toute
672 3817 696 3871 la
709 3819 819 3890 portion
836 3815 1002 3889 precedente
1013 3814 1048 3869 de
1061 3833 1092 3869 ce
1110 3812 1281 3887 paragraphe
1292 3823 1334 3868 est
1345 3829 1448 3884 emptu

477 3909 616 3983 lngulpbe
629 3912 645 3962 a
658 3925 711 3980 peu
726 3907 789 3978 pres
801 3904 1007 3959 litte'ralement
1275 3979 1279 3988 Ι

513 4002 551 4068 (t)
569 4000 608 4053 Ce
618 4013 787 4070 personnage
799 3995 867 4048 ctait
879 4013 918 4048 un
928 3995 1021 4048 moine
1030 3992 1202 4059 d’Evesbam,
1217 3990 1412 4065 qu’Etbelbald
1447 4016 1451 4038 .

480 4088 513 4141 dc
531 4087 752 4140 t’oabtissement
766 4083 804 4137 du
822 4085 976 4138 monastirie
989 4082 1024 4137 dc
1041 4080 1189 4153 Cmyland.
1210 4081 1403 4153 Depingenses
1425 4106 1446 4127 :u

482 4177 619 4230 liabitants
633 4177 666 4230 dc
681 4176 818 4247 llccping.
833 4193 867 4229 au
882 4173 1017 4228 touchant
1028 4171 1062 4225 de
1073 4169 1230 4229 Crowland.
