2910 4980
200 428 409 506 [imolato]
492 424 495 431 '
576 426 695 488 LIBER
715 427 892 489 TERTIUS.
1209 434 1267 494 133

198 549 450 649 magnanimus
471 564 508 621 et
530 547 575 621 cd
597 548 719 623 omnia
741 574 824 648 quae
843 547 1011 648 cupiebat
1026 548 1204 640 fervidus,
1225 553 1269 626 ad

200 665 292 737 iram
304 664 409 740 velox
423 680 461 738 et
474 667 512 738 in
525 662 743 738 militaribus
759 666 937 740 exercitiis
949 666 1063 741 seron.
1075 668 1268 768 Promptus

199 800 277 857 erat
299 784 413 858 aliena
436 785 638 883 procaciter
653 810 780 884 rapere
800 802 837 858 et
854 811 914 856 sua
932 784 1183 883 imprudenter
1197 786 1271 858 dis-

197 897 367 987 trahere,
398 914 440 972 ut
470 916 671 975 mereretur
696 900 863 974 frivolam
892 900 1102 1000 dapsilitatis
1129 901 1270 976 laudem

198 1013 344 1090 babere.
377 1018 444 1090 Hic
476 1016 601 1091 babuit
628 1021 818 1120 conjugem
843 1020 992 1093 nomine
1021 1022 1130 1110 ltam,
1159 1020 1270 1094 filiam

196 1130 382 1207 lleremari
400 1132 445 1206 de
466 1133 630 1208 Pontesia
641 1187 652 1222 ,
669 1160 753 1236 quae
774 1135 916 1234 peperit
940 1136 970 1208 ei
989 1135 1212 1209 Walterium
1233 1152 1270 1209 et

196 1249 432 1339 Mainerium,
455 1253 646 1351 Hugoncm
672 1269 709 1326 et
731 1250 941 1326 Gervasium
953 1307 964 1341 ,
992 1255 1209 1325 Hermai-um
1232 1268 1270 1325 et

195 1363 408 1457 Fulcoium,
427 1382 464 1440 et
481 1367 593 1441 filiam
611 1368 761 1442 nomine
783 1369 993 1442 Luxoviam.
1020 1368 1216 1441 Maluerius
1233 1382 1270 1441 et

194 1464 364 1555 Fultoius
380 1511 401 1555 a
418 1485 572 1583 pueritia
588 1484 784 1558 monachili
802 1510 931 1559 norma
948 1484 1134 1558 constricti
1158 1498 1266 1570 sunt;

192 1594 253 1668 alii
270 1623 359 1672 vero
374 1615 533 1700 quatuor
548 1601 696 1674 militari
714 1601 859 1674 licentia
876 1599 1060 1699 perfuncti
1079 1615 1176 1672 sunt.

241 1714 410 1788 Fuleoius
432 1716 627 1792 monachos
653 1719 779 1816 (quia,
798 1718 891 1789 sicut
898 1721 974 1815 jam
990 1714 1086 1806 dixi,
1103 1712 1267 1788 moribus

192 1828 371 1904 instabilis
390 1836 487 1929 erat)
502 1833 696 1936 aliquando
711 1833 869 1906 multum
883 1831 1071 1933 diligebat,
1089 1848 1126 1907 et
1139 1846 1267 1906 contra

193 1969 321 2020 omnes
344 1947 567 2024 adversantes
596 1949 730 2024 obnixe
758 1947 971 2040 muniebat,
1000 1972 1266 2047 nonnunquam

192 2087 282 2138 vero
299 2066 375 2164 ipse
390 2068 548 2167 graviter
563 2066 804 2167 opprimebat.
821 2068 948 2139 Parnis
965 2092 1072 2139 senex
1089 2065 1265 2163 Rogcrius

193 2194 232 2254 et
248 2181 461 2257 Goisbertus
474 2184 633 2258 medicus
641 2239 653 2273 ,
673 2182 879 2258 Rodbertus
892 2182 1019 2255 Calvus
1032 2198 1069 2255 et
1084 2181 1264 2254 Haimcri-

195 2324 277 2389 cus,
297 2299 454 2375 Joannes
471 2319 507 2376 et
528 2301 771 2389 isembardus,
792 2302 923 2402 aliique
941 2300 1062 2398 plures
1077 2298 1115 2371 in
1133 2323 1263 2371 mona-

193 2415 302 2491 chatu
314 2418 390 2492 Deo
402 2419 563 2493 famulati
581 2434 667 2492 sunt
681 2448 691 2508 3
707 2447 751 2493 ex
766 2418 899 2520 quibus
913 2416 1115 2492 Bernardus
1131 2441 1264 2517 cogno-

192 2549 320 2610 mento
333 2534 485 2608 Michael
504 2553 540 2610 et
555 2534 747 2610 Rainaldus
756 2590 767 2623 ,
784 2535 1000 2611 'leodericus
1015 2549 1051 2607 et
1063 2533 1262 2606 Walterius

193 2647 340 2739 Calvus,
357 2666 394 2725 et
409 2652 627 2727 Willermus
644 2653 893 2741 cadomensis,
909 2653 971 2754 qui
989 2649 1194 2724 Alexander
1209 2665 1262 2723 est

194 2771 490 2871 cognominatus,
514 2773 553 2846 in
577 2799 704 2873 magna
724 2771 899 2872 religione
922 2771 1115 2857 vixerunt,
1138 2766 1261 2868 ibique

192 2885 302 2962 finem
324 2889 411 2962 ritae
435 2890 554 2963 sortiti
578 2890 833 2966 venerabiliter
856 2888 1022 2962 tumulati
1044 2902 1143 2961 sunt.
1174 2887 1261 2960 llaec

190 3007 312 3080 omnia
327 3032 411 3108 quae
423 3008 591 3082 Fulcoius
603 3008 761 3099 dederat,
777 3006 962 3083 monacbis
975 3006 1151 3081 concessit
1167 3003 1262 3078 Rod-

189 3119 314 3196 bertus
325 3124 509 3226 Eloquens
521 3127 565 3200 de
579 3126 826 3214 Calvimonte,
842 3126 905 3226 qui
919 3123 1078 3223 capitalis
1091 3121 1260 3196 dominus

188 3253 278 3311 crat.
302 3239 386 3313 Non
408 3240 525 3317 multo
548 3260 632 3343 post
656 3241 771 3332 idem,
795 3241 884 3316 dum
908 3240 1068 3341 praedam
1093 3238 1137 3311 de
1165 3253 1261 3311 terra

189 3354 310 3429 Sancti
327 3357 491 3434 Audoeni
513 3361 692 3436 violenter
709 3359 895 3449 educeret,
921 3358 965 3434 dc
987 3383 1081 3458 equo
1104 3371 1260 3428 armatus

189 3470 340 3559 cecidit,
359 3474 527 3576 galeaque
547 3475 659 3552 humo
679 3479 770 3570 fixa,
792 3476 958 3576 colloque
974 3474 1091 3545 fracto
1110 3471 1261 3544 misera-

188 3584 312 3662 biliter
333 3587 425 3664 obiit
435 3621 446 3682 3
469 3597 568 3693 cujus
585 3595 733 3667 cadaver
755 3592 850 3691 apud
866 3589 1030 3662 Alliarias
1047 3587 1103 3687 (1)
1120 3586 1260 3660 blaine-

189 3705 264 3778 rius
279 3704 388 3780 abbas
411 3708 448 3782 in
470 3710 628 3811 capitulo
651 3709 935 3782 Flaviacensium
951 3706 1107 3779 fratrum
1126 3701 1261 3776 ibidem

224 4020 265 4088 (r)
283 4019 428 4077 L'Aillcrie
444 4024 509 4095 pres
521 4024 695 4093 chaumont,
710 4025 748 4079 οὺ
764 4023 785 4079 il
802 4022 912 4078 existuit
923 4039 962 4075 un
976 4018 1090 4094 prieurs
1101 4015 1260 4090 dependant

191 4102 1029 4185 del'abbayedesaint-GermerlFlaviocum).Nouapenaom
1037 4105 1260 4181 queledomaine

191 4194 226 4253 de
236 4198 359 4275 l’abbaye
369 4201 406 4258 dc
418 4202 595 4260 taint-Ouen
605 4205 675 4260 dont
688 4205 708 4260 il
721 4205 801 4278 s‘agit
813 4204 849 4259 ici
860 4202 929 4258 etait
942 4199 968 4255 le
981 4199 1094 4273 prieur&
1108 4196 1144 4253 de
1158 4196 1242 4254 Gaui.
