2910 4980
191 430 210 489 8
461 421 644 484 HISTORIA
665 423 969 485 ucctrslsstlua
1084 427 1249 507 [altalo]

190 542 382 642 protrivit,
400 540 617 642 assiduisque
634 542 767 641 rapinis
783 557 820 615 et
836 542 1008 617 incendiis
1025 569 1116 642 pene
1136 560 1249 618 totam

191 656 344 731 Galliam
365 679 475 755 nsque
501 657 538 728 in
561 654 802 755 Burgundiam
819 655 1011 730 devastavit
1028 659 1093 755 (ι).
1115 659 1252 731 Tantos

192 773 346 871 impetus
367 770 479 844 Gallis
502 798 577 845 non
599 773 818 861 ferentibus,
841 775 1050 875 cunctisque
1073 801 1140 875 pro
1167 801 1252 873 pace

192 890 434 964 communiter
444 888 739 988 supplicantibus,
752 890 899 964 Carolus
910 918 973 965 rex
985 892 1131 966 Rolloni
1142 891 1253 966 saliam

192 1031 292 1081 suam
311 1006 457 1079 nomine
473 1004 609 1078 Gislam
625 1003 723 1078 dedit
746 1007 784 1078 in
806 1007 1094 1095 matrimonium,
1114 1021 1253 1080 totam-

193 1147 265 1222 que
295 1137 428 1195 terram
458 1148 476 1192 a
503 1121 672 1211 llumine,
704 1121 802 1221 quod
829 1124 920 1222 Epta
950 1137 1111 1211 vocatur,
1143 1149 1255 1222 usque

193 1237 237 1311 ad
257 1263 354 1311 mare
376 1237 577 1326 Oceanum,
600 1237 640 1310 in
660 1253 873 1337 perpetuum
897 1239 1143 1338 possidendam
1165 1239 1255 1313 reli-

194 1355 286 1453 quit.

237 1469 346 1544 Anno
357 1469 477 1568 itaque
484 1467 528 1540 ab
541 1469 788 1543 incarnatione
799 1471 944 1543 Domini
953 1485 1132 1544 occccxu’
1146 1470 1254 1544 Rollo

196 1584 270 1658 dux
282 1612 301 1656 a
314 1584 451 1658 domno
464 1586 648 1658 Franoone
661 1586 974 1684 Rotomagensium
988 1585 1254 1685 archiepiscopo

197 1698 396 1797 baptisatus
411 1715 481 1789 est,
502 1698 675 1799 idolisque
692 1701 924 1800 contemptis,
943 1699 1073 1801 quibus
1091 1716 1173 1775 ante
1193 1699 1257 1773 de-

199 1818 388 1906 servierat,
410 1843 493 1889 cum
515 1832 595 1890 toto
616 1818 774 1891 exercitu
789 1844 854 1893 suo
871 1815 999 1892 devote
1017 1817 1258 1890 christianita-

202 1949 274 2007 tem
299 1934 475 2032 suscepit;
500 1934 756 2034 completisque
781 1935 941 2034 quinque
966 1937 1091 2025 annis,
1116 1963 1158 2008 ex
1183 1960 1257 2032 quo

200 2049 399 2149 baptizatus
415 2065 485 2136 est,
503 2049 609 2125 obiit.
624 2051 830 2124 Willelmus
844 2067 963 2125 autem
980 2052 1073 2125 filius
1087 2054 1178 2151 ejus,
1193 2051 1257 2149 qui

203 2179 286 2264 post
308 2191 390 2238 eum
405 2190 479 2253 xxv
496 2167 599 2238 annis
619 2166 788 2238 ducatum
804 2167 1099 2241 Normannorum
1122 2167 1257 2252 tenuit,

204 2281 487 2358 Gemmeticense
500 2284 757 2357 monasterium
767 2338 778 2374 ,
788 2284 886 2383 quod
899 2281 1262 2356 sanetusPhilibertus

206 2412 471 2487 construxerat,
487 2400 546 2470 serl
561 2399 751 2498 Hastingus
763 2398 1002 2486 destruxerat,
1018 2399 1054 2470 in
1067 2396 1262 2496 pristinum

206 2528 339 2589 statum
352 2514 509 2586 restituit
524 2513 587 2610 (2)

245 2766 284 2837 (ι)
307 2766 412 2820 Toutes
424 2782 469 2819 ces
485 2765 657 2838 expeditioris
675 2765 710 2820 de
722 2764 835 2833 Rollon,
851 2766 887 2820 de
904 2765 1061 2838 memeque
1077 2781 1126 2818 son
1145 2762 1266 2834 mariage

209 2871 273 2910 avec
286 2853 394 2921 Gisele,
406 2872 440 2910 ne
451 2863 531 2922 sont,
546 2854 654 2909 suivant
666 2872 751 2922 nous,
765 2873 819 2928 que
833 2853 882 2910 des
893 2855 1073 2910 attributione
1085 2856 1100 2908 l
1111 2871 1143 2908 oe
1154 2852 1221 2907 chel
1230 2851 1266 2906 de

211 2943 274 2997 faits
283 2943 436 2997 anterieurs
448 2942 595 3013 deligeres.

245 3032 284 3101 (a)
296 3028 320 3084 ll
332 3040 372 3084 est
384 3040 512 3100 constant
526 3050 574 3102 par
586 3030 612 3084 la
622 3030 717 3086 charte
726 3030 761 3085 de
772 3029 895 3087 Richard
904 3031 937 3084 1«
949 3048 985 3085 en
998 3031 1092 3085 lavaur
1104 3027 1144 3082 du
1156 3044 1266 3083 monas·

211 3119 269 3174 tere
289 3118 324 3174 de
343 3120 414 3175 saint
429 3120 515 3175 Deoia
526 3119 615 3190 (unt.
630 3119 665 3174 de
678 3121 799 3189 Fruere,
818 3131 840 3177 t.
857 3140 897 3189 ix,
915 3140 942 3195 p.
965 3119 1047 3196 731).
1066 3138 1120 3193 que
1132 3136 1183 3173 son
1195 3117 1267 3172 a'ieul

210 3207 312 3265 Rollon
323 3210 380 3282 prit
390 3209 416 3263 le
427 3228 492 3265 nom
502 3208 538 3264 de
550 3209 670 3275 Robert;
684 3210 785 3265 c'estle
799 3211 873 3267 seule
883 3229 984 3285 preuve
992 3209 1174 3282 anthentique
1182 3208 1267 3282 qn'on

211 3296 325 3370 poetae
342 3297 377 3352 de
397 3316 447 3354 son
465 3298 610 3371 bapteme;
630 3308 659 3353 et
680 3317 749 3354 nous
763 3316 879 3373 croyons
892 3299 1006 3373 ponvoir
1018 3298 1119 3354 douter
1134 3297 1202 3372 qu'il
1214 3298 1268 3352 soit

211 3389 285 3444 reste
299 3406 337 3444 un
357 3387 482 3446 cbretien
495 3387 567 3441 aussi
581 3385 661 3442 fidele
682 3397 711 3443 et
724 3389 795 3444 aussi
812 3388 986 3462 serventque
1008 3386 1033 3441 le
1048 3405 1166 3460 suppose
1187 3395 1268 3440 notre

210 3487 318 3533 auteur.
330 3476 492 3551 Cependant
501 3475 521 3531 il
535 3475 622 3549 paralt
632 3478 711 3531 ave're
720 3475 787 3549 qu'il
798 3477 829 3532 fit
837 3476 885 3533 des
895 3477 1040 3533 donatione
1049 3494 1085 3531 ou
1096 3475 1268 3530 restitutione

210 3570 227 3623 a
239 3565 376 3640 plusieurs
388 3566 500 3640 eglises,
522 3576 694 3621 notamment
710 3569 726 3621 l
745 3566 826 3623 celles
838 3565 874 3623 de
886 3566 1064 3624 saint-Derris
1075 3583 1111 3620 en
1125 3565 1228 3621 Franco
1239 3572 1268 3618 et

211 3653 247 3711 dc
259 3655 438 3713 Salat-Onon
450 3655 485 3710 de
496 3654 605 3711 Rouen.

247 3744 344 3815 Quant
355 3744 404 3800 'ala
419 3744 530 3799 fixation
543 3743 579 3798 de
591 3743 616 3799 la
627 3753 700 3799 mort
709 3743 744 3799 de
754 3764 785 3800 oe
793 3745 860 3802 chel
869 3745 917 3801 des
929 3742 1085 3800 Narmands
1098 3743 1133 3799 de
1141 3742 1166 3798 la
1176 3742 1267 3807 Scine,

211 3832 277 3906 cinq
290 3851 338 3888 ans
356 3835 434 3906 apres
454 3850 503 3888 son
522 3832 667 3904 baptimo,
686 3833 856 3892 dest-adire
874 3853 909 3889 en
933 3852 1001 3909 9¹7·
1021 3834 1087 3890 c’est
1106 3851 1161 3888 une
1172 3849 1271 3887 erreur

214 3922 348 3996 grosaiere
361 3923 477 3977 avancee
490 3939 540 3993 par
553 3920 670 3989 Dudon,
693 3933 721 3976 et
734 3926 844 3997 rtpe'tee
860 3940 922 3980 sans
933 3942 1047 3979 examen
1068 3942 1117 3996 par
1137 3932 1200 3977 tous
1220 3938 1270 3976 nos

214 4022 307 4067 autres
318 4013 468 4068 historiens
477 4010 516 4067 du
525 4028 623 4082 moyen
634 4011 700 4084 38⁰3
710 4014 779 4068 mais
791 4014 811 4068 il
819 4024 861 4069 est
873 4013 983 4069 difficile
995 4013 1040 4086 d’y
1054 4012 1204 4068 substituer
1216 4028 1271 4064 tine

214 4099 277 4155 date
298 4101 412 4173 precise.
436 4099 576 4155 Plusieurs
595 4103 760 4157 manuscrits
781 4101 820 4157 du
837 4103 990 4160 chronicon
1005 4104 1187 4169 Saxonicum,
1203 4098 1272 4156 dont

213 4186 272 4245 l'un
292 4197 418 4244 remonte
428 4186 538 4261 jusqu'a
550 4184 656 4244 l’annte
673 4207 747 4259 roos,
768 4189 793 4247 la
812 4189 920 4266 placent
939 4191 1039 4268 quium
1057 4207 1107 4247 ans
1124 4189 1203 4262 apres
1222 4205 1272 4245 son
