2910 4980
201 436 310 529 [ιοτῠ]
568 450 684 512 mess
705 452 897 527 cosmos.
1210 458 1271 515 sas

200 570 388 670 speriiute.
406 570 451 642 Si
472 572 612 645 vicistis
637 572 781 671 Augias
804 568 1140 671 iri’bongressione,
1164 600 1272 671 snper

200 668 273 761 imi
286 684 618 788 superbihe·noliie';
636 689 706 761 sed
722 688 922 787 spin‘euuiis
939 689 1106 788 nequitia
1121 692 1268 784 grauius

202 830 250 877 ac
264 802 508 904 periculosius
524 792 706 901 'certamin
728 806 872 905 cbiiu'us
894 805 1013 904 agite,
1037 803 1137 902 quod
1159 822 1269 879 resuu

201 918 326 991 adhuc
341 935 377 990 et
397 898 679 992 imrhinei'oobis
699 918 874 1018 quotidie.
898 920 1120 991 Mutationes
1139 944 1270 1019 regno-

201 1060 281 1105 rum
293 1036 511 1134 frequenter
521 1036 647 1132 fucta
673 1053 757 1107 sunt
785 1040 824 1107 in
849 1037 1151 1123 emesenorum,
1175 1038 1269 1109 sicut

198 1153 357 1249 sparsim
374 1149 528 1250 legimus
546 1150 802 1252 multiplicium
814 1177 882 1251 per
898 1176 1047 1248 campos
1062 1151 1267 1252 scripturo-

199 1289 298 1353 rum,
317 1263 449 1363 quibus
474 1264 680 1337 liberalium
702 1294 727 1338 a
751 1266 832 1339 Dea
855 1267 1039 1367 impertita
1058 1282 1111 1339 est
1135 1269 1265 1338 notitia

199 1378 410 1456 litterarum.
427 1381 632 1481 Babylonii
643 1382 712 1457 sub
727 1382 1070 1456 Nabuchodonosor
1086 1408 1171 1482 rege
1188 1382 1220 1455 J
1219 1411 1265 1455 u-

199 1494 322 1568 doeam
343 1512 378 1569 et
392 1497 600 1601 AEgyptum
616 1515 650 1570 et
667 1498 747 1570 ulia
763 1525 878 1598 regna
895 1498 965 1571 sibi
976 1498 1143 1599 piurima
1157 1499 1265 1571 sube-

195 1628 327 1711 gerunt
330 1618 355 1698 ,·“
366 1610 435 1709 sed
443 1624 530 1714 p'ost
545 1638 618 1686 Lxx
640 1641 758 1687 annos
775 1617 849 1714 ipsi
864 1642 946 1688 eum
960 1615 1167 1688 Babhesar
1181 1642 1266 1715 rege

197 1756 261 1802 suo
281 1757 307 1802 a
331 1730 464 1803 Medis
480 1747 515 1803 et
535 1733 682 1821 Persis,
707 1731 839 1831 quibus
856 1748 1042 1834 proceram
1065 1732 1207 1803 Dan'us
1231 1750 1265 1804 ee

200 1845 317 1944 Cyrus
333 1872 446 1949 nepos
461 1849 540 1947 ejus
547 1903 561 1937 ,
572 1851 665 1921 'uicti
676 1864 711 1919 et
725 1847 919 1947 subjugati
928 1865 1024 1921 sunt.
1039 1847 1186 1919 Deinde
1199 1848 1264 1921 sub

196 1960 412 2033 Alexandro
427 1962 570 2061 Magno
584 1964 809 2036 Macedones
818 1980 1035 2063 posucexxx
1051 1989 1169 2037 annos
1183 1963 1264 2036 Da·

196 2083 289 2151 rium
305 2105 424 2176 regern
440 2080 641 2152 Persarum
658 2106 741 2152 cum
758 2081 879 2153 multis
896 2079 1100 2179 legionibus
1118 2082 1262 2153 device-

194 2210 277 2267 rum
283 2227 301 2280 ;
315 2210 350 2266 et
362 2196 434 2294 ipsi
447 2194 684 2268 nihilominus
691 2211 775 2296 post
786 2195 925 2294 aliquot
938 2220 1069 2285 annos,
1081 2197 1261 2268 Romanis

189 2337 259 2410 per
279 2327 392 2384 totum
407 2311 528 2384 orbem
541 2310 751 2413 phalanges
765 2317 856 2383 suas
874 2310 1159 2400 destinantibus,
1178 2336 1262 2384 cum
1379 2342 1382 2349 ·

193 2430 325 2501 Perseo
347 2454 433 2527 rege
456 2453 522 2500 suo
545 2426 798 2501 deuicti'sunt.
825 2428 951 2502 Graci
970 2428 1037 2501 sub
1057 2430 1260 2529 Agamem-

192 2560 342 2629 noneet
364 2542 568 2647 Paiamede
585 2544 738 2644 Trojam
758 2544 992 2633 obsederunt,
1013 2562 1047 2616 ee
1069 2546 1260 2617 Priamum

191 2686 313 2760 regem
333 2654 591 2735 Laomedontis
602 2662 729 2759 filium
753 2688 800 2733 ac
822 2660 952 2733 liberas
975 2662 1056 2761 ejus
1081 2690 1092 2732 .·
1118 2663 1259 2736 Hecto-

190 2802 265 2869 rem
276 2794 311 2849 et
324 2778 506 2864 Τνοίἰιιιη,
524 2779 696 2850 Paridem
714 2795 748 2849 et
763 2776 1011 2880 Deiphobum,
1031 2776 1257 2880 Amphima-

191 2921 344 2994 cumque
361 2896 648 2984 trucidaverunt,
668 2914 702 2967 es
708 2899 899 2989 famosum
915 2895 1093 2995 Phrygia
1107 2922 1258 2996 regnum

183 3026 273 3114 post
290 2999 486 3085 decennem
504 3006 905 3109 bbsidionemstamma
922 3012 1070 3110 etserro
1086 3012 1257 3116 depopu-

191 3127 260 3199 lati
275 3127 540 3200 destnccerunt.
567 3129 912 3228 Trojanorum'una
931 3154 1025 3229 pars
1048 3126 1116 3202 sub
1128 3130 1257 3203 AEnea

191 3244 286 3319 duce
307 3270 455 3345 regnum
478 3244 603 3319 Italia
625 3246 808 3333 obtenuitf
823 3248 903 3320 ulia
923 3272 1018 3347 pars
1038 3260 1122 3320 'cum
1142 3251 1257 3320 Ante-

190 3388 279 3435 nore
296 3389 365 3460 per
383 3362 531 3463 longum
549 3365 617 3435 iter
635 3391 683 3437 ac
699 3363 847 3462 difficile
864 3365 1028 3437 Daciam
1048 3363 1168 3452 udiit;
1183 3366 1255 3437 ibi-

190 3484 265 3577 que
276 3460 398 3552 sedern
412 3505 551 3579 ponens
567 3507 681 3579 usque
698 3482 736 3552 in
753 3480 971 3553 hodiemum
987 3476 1085 3552 diem
1096 3481 1256 3554 habim-

190 3598 249 3667 oit.
276 3598 439 3669 Romani
458 3623 608 3697 regnum
633 3597 939 3696 Jerosoiymorum
948 3654 961 3688 ,
987 3598 1090 3698 quad
1109 3598 1253 3688 Dauid,

191 3713 327 3812 aliique
337 3729 499 3811 potentes
515 3739 737 3786 successores
753 3715 833 3814 ejus
852 3714 980 3816 spoliis
997 3712 1253 3815 allophularum

190 3832 393 3905 ditaverunt
404 3888 416 3920 ‚
445 3849 479 3902 et
502 3831 663 3904 subactis
689 3832 855 3905 barbaris
882 3833 1074 3932 gentibus,
1105 3860 1188 3932 quse
1217 3837 1254 3907 in

191 3948 344 4019 circuitu
354 3965 470 4036 erant,
486 3948 781 4038 sublimaverunt,
798 3948 863 4021 sub
875 3950 1110 4049 Vespasiano
1122 3967 1157 4021 et
1172 3953 1255 4023 Tito

190 4062 449 4153 subverterunt,
469 4083 502 4137 et
518 4065 637 4137 nobile
655 4067 824 4167 tempium
838 4081 924 4168 post
937 4067 1067 4166 primae
1083 4068 1253 4169 adfice-

190 4178 297 4251 ‘u'ouis
322 4180 400 4279 ejus
421 4208 537 4255 aurcos
561 4205 721 4255 uuxxxu
740 4182 944 4272 diruerunt,
964 4178 1113 4281 quando
1136 4182 1253 4257 eunde-
