2910 4980
172 366 374 446 [tottalots]
449 394 456 423 ι
539 362 655 426 LIBER
675 362 857 441 QUINTUS.
1173 364 1234 429 385

175 516 196 556 a
212 488 396 586 regionem
405 484 601 575 intrabunt,
615 486 742 558 decore
752 482 956 583 divitiisque
967 482 1188 585 spoliabunt,
1201 504 1235 558 et

178 633 198 672 a
212 618 411 702 contempto
417 604 586 705 principe
593 602 719 691 stulto,
732 617 840 674 totam
849 601 1117 675 Normannium
1127 606 1237 704 impie

177 752 199 793 a
213 719 491 796 conculcabunt.
510 720 612 819 Ipse,
628 719 726 792 velut
738 745 858 792 uacca
870 719 1077 808 lasciviens,
1094 720 1238 793 libidini

177 868 199 908 u
207 841 442 941 pigritiaque
450 837 587 922 seruiet,
599 851 632 908 et
643 838 721 936 ipse
724 837 865 939 primus
875 836 1142 909 ecclesiasticus
1152 864 1238 938 opes

178 988 197 1024 a
216 954 381 1056 diripiet,
400 956 609 1055 spurcisque
626 953 831 1040 lenonibus,
850 953 1006 1053 aliisque
1024 954 1240 1028 lecatoribus

178 1071 416 1143 «distribuet.
441 1069 593 1141 Talibus
611 1071 854 1170 principatum
877 1098 981 1142 suum
1000 1073 1184 1171 porriget,
1209 1091 1242 1145 et

178 1216 202 1256 a
216 1186 265 1259 ab
288 1186 344 1258 lu's
363 1186 556 1258 consilium
578 1189 616 1257 in
637 1186 911 1259 necessitatibus
933 1189 1009 1259 suis
1033 1191 1166 1286 eriget.
1195 1191 1243 1260 Iu

180 1334 200 1375 a
217 1304 357 1376 ducatu
369 1303 545 1376 liodberti
553 1307 737 1376 catamitae
749 1305 767 1401 (
775 1304 805 1401 t)
819 1321 853 1374 et
865 1306 1065 1402 effeminati
1076 1306 1244 1378 dominu-

180 1450 201 1492 κ
219 1420 362 1510 buntur,
378 1420 445 1491 sub
454 1446 607 1520 quorum
618 1419 867 1492 dominatione
880 1423 1041 1519 nequitia
1053 1438 1086 1492 et
1096 1423 1244 1494 miseria

179 1566 202 1608 u
215 1535 495 1637 grassabuntur.
513 1535 623 1607 Urbes
636 1552 670 1607 et
686 1534 786 1606 sitta
802 1534 1066 1626 cremabuntur,
1085 1535 1246 1609 basiliere

180 1682 202 1722 a
218 1652 810 1726 sanctorumtemereviolnbuntur.
821 1651 1248 1751 Coetusfideliumutrius·

181 1798 204 1839 a
218 1796 293 1868 que
313 1795 423 1842 secus
444 1768 706 1869 dispergentur,
731 1768 985 1868 bominumque
1001 1769 1115 1841 multo
1132 1771 1249 1843 millio

183 1884 319 1986 «ferro
335 1884 564 1983 uelflummo
579 1889 818 1985 perimentur;
837 1910 886 1954 eur
903 1884 1034 1983 quibus
1055 1886 1160 1956 multi
1175 1891 1252 1958 sine

184 2034 206 2077 a
218 2005 438 2108 paenitentia
456 2020 491 2074 et
506 2005 642 2075 viatico
664 2002 843 2091 labentur,
862 2016 897 2072 et
908 2029 980 2103 pro
999 2001 1159 2074 reatibus
1175 2005 1252 2075 suis

184 2152 206 2193 κ
222 2124 280 2194 ud
296 2137 434 2193 tartaro
450 2146 549 2193 saeuu
564 2119 761 2192 trahentur.
781 2118 979 2191 Euentibus
996 2117 1052 2189 bis
1071 2118 1254 2192 Nonnun-

182 2270 206 2309 α
222 2241 292 2312 niu
315 2236 518 2338 subjacebit
526 2267 543 2320 ,·
569 2252 603 2308 et
630 2238 724 2309 siout
749 2236 856 2326 olim,
888 2237 1096 2308 vicinarum
1123 2241 1255 2309 victrix

178 2386 207 2428 a
219 2356 387 2456 gentium
390 2411 403 2444 ,
423 2353 655 2426 immoderate
671 2356 819 2442 tumuit,
842 2356 897 2426 sic
917 2353 984 2425 sub
1004 2352 1097 2426 duce
1119 2355 1255 2429 lubrico

182 2500 206 2542 a
224 2487 263 2544 et
272 2471 379 2570 segni
389 2469 625 2570 despicabilis
634 2471 713 2558 erit,
726 2486 760 2541 et
770 2469 850 2542 telis
859 2471 1059 2541 uicinorum
1073 2471 1257 2543 miserabi-

179 2616 206 2658 u
225 2586 312 2659 liter
327 2585 463 2685 diuque
472 2584 628 2686 patebit.
646 2586 830 2686 [nsipiens
847 2585 928 2656 dua
950 2588 1094 2657 nomine
1117 2602 1257 2659 tuntum

178 2706 403 2805 «principis
428 2701 764 2803 cognominabitur,·
787 2701 854 2775 sed
875 2702 1094 2776 nebulonum
1117 2706 1175 2776 uis
1201 2706 1253 2795 ei,

177 2852 206 2893 «
223 2819 438 2919 deditaeque
445 2821 642 2920 provinciae
657 2818 711 2891 ad
726 2819 918 2892 multorum
932 2823 1129 2921 perniciem
1145 2821 1257 2893 domi·

172 2970 206 3010 u
223 2935 388 3009 nabitur.
407 2966 425 3004 »
445 2938 484 3006 V
483 2939 548 3008 isio
570 2935 784 3035 hujusmodi
798 2963 917 3038 nuper
931 2936 1022 3008 mibi
1037 2937 1258 3038 supplicanti

172 3055 384 3156 apparuit,
401 3054 591 3153 ipsamque
604 3050 696 3122 mibi
709 3052 909 3152 spiritualis
927 3052 1059 3142 iudea,
1081 3069 1120 3124 ut
1140 3080 1256 3155 eapo-

172 3172 303 3245 situm
315 3184 386 3259 est,
402 3170 558 3269 aperuit.
578 3169 837 3241 Verumtamen
854 3168 958 3255 dira,
978 3195 1060 3267 quae
1072 3171 1258 3242 imminent

172 3288 439 3375 Normannis,
464 3313 485 3359 o
507 3285 723 3359 uenerabilis
748 3286 852 3376 bero,
881 3312 954 3358 non
980 3284 1132 3359 videbis.
1154 3287 1256 3361 Nam

172 3422 276 3507 post
297 3404 429 3476 bonam
455 3404 711 3497 corffessionem
737 3403 776 3473 in
795 3427 893 3502 pace
919 3401 1097 3500 quiesces,
1123 3417 1159 3474 et
1182 3429 1256 3475 non

172 3523 319 3597 mariti
336 3545 526 3606 occasum,
545 3545 612 3590 nec
628 3518 743 3618 prolis
766 3519 1020 3611 infortunium,
1045 3543 1111 3590 nec
1132 3517 1258 3592 dilecti

173 3637 343 3741 cespitis
359 3634 616 3707 desolationem
633 3637 842 3735 conspicies.

241 3753 308 3824 His
320 3752 439 3850 itaque
449 3749 494 3822 ab
507 3749 720 3823 anachoreta
733 3750 851 3837 dictis,
868 3751 987 3822 nuntii
1003 3750 1132 3824 reversi
1149 3768 1253 3842 sunt,

231 4044 273 4113 (ι)
292 4042 331 4097 Ce
342 4049 399 4094 aiot
410 4040 499 4112 paruit
512 4039 570 4095 btrc
585 4038 710 4113 employa*
723 4039 758 4092 ici
768 4037 836 4092 dans
845 4036 869 4091 le
881 4054 942 4091 sens
954 4037 991 4090 οὺ
1003 4039 1116 4108 mignon
1125 4034 1211 4092 l’etait
1222 4056 1256 4093 en

182 4130 304 4189 Franco
315 4149 351 4185 au
364 4143 419 4184 ινι·
431 4128 519 4186 siecle.

274 4248 314 4295 ιι.
1067 4213 1113 4285 25
