2926 4980
190 417 250 479 all
463 418 648 481 HISTORIA
669 419 976 484 ECCLESIASTICA.
1154 427 1270 507 [lump

238 539 418 614 Defuncto
427 539 625 617 Guillelnro
636 541 914 617 Ebroiccnsium
924 542 1107 643 episcopo,
1122 540 1264 618 Baldui·

190 680 259 729 uus
271 656 370 728 ducis
384 656 586 755 capellanus
599 659 780 746 successit,
795 675 832 732 ct
849 659 1083 757 praesulatum
1092 659 1172 734 fere
1184 682 1263 761 sep·

191 787 264 845 tem
277 773 380 844 annis
397 773 609 873 regulariter
625 774 732 845 rexit.
753 774 834 866 Quo
849 773 1024 848 defuncto
1039 775 1267 849 Gislebcrsus

190 889 342 963 Osberni
363 890 457 961 lilius
474 892 669 964 canonicus
692 906 728 963 et
744 889 1019 964 archidiaconus
1034 893 1267 967 Lexovieusis

191 1007 372 1096 successit,
388 1023 424 1079 et
439 1007 681 1106 episcopatum
696 1007 897 1107 plusquam
914 1032 992 1079 xxx
1005 1009 1109 1079 aunis
1122 1008 1267 1083 utiliter

192 1125 328 1211 tenuit,
344 1140 380 1196 et
396 1149 452 1196 res
469 1125 627 1197 ecclesiae
643 1124 767 1197 multis
779 1124 896 1197 modis
911 1126 1029 1212 auxit,
1046 1124 1268 1227 solertiaque

192 1268 252 1313 sua
280 1241 494 1314 emendavit.
523 1243 633 1315 lvone
659 1266 749 1316 vero
771 1243 993 1341 sagiensium
1016 1243 1173 1341 praesule
1198 1244 1268 1318 de-

190 1356 337 1445 functo,
356 1355 559 1429 Rodbertus
576 1357 730 1431 Huberti
748 1356 793 1430 dc
808 1357 873 1429 Ria
888 1357 982 1431 filius
997 1359 1186 1450 successit,
1201 1358 1266 1459 qui

190 1472 266 1547 fere
285 1496 338 1546 xn
352 1473 455 1546 aunis
467 1474 672 1573 praesulatui
686 1474 853 1575 praefuit,
869 1490 905 1548 ct
918 1476 992 1574 ipse
1005 1477 1096 1548 circa
1111 1475 1176 1549 Dei
1193 1474 1268 1550 cul-

194 1608 274 1663 tum
289 1592 430 1664 fervens
448 1591 634 1692 religiosos
655 1591 810 1663 multum
829 1592 954 1665 dilexit
973 1593 988 1691 (
1012 1595 1042 1689 ).

236 1706 1129 1807 Vll.Histemp0ribus0pitulantcgratialleipasin
1137 1705 1266 1809 Anglia

193 1823 383 1924 regnabat,
404 1841 440 1897 et
457 1826 626 1898 securitas
642 1826 824 1925 aliquanta
840 1825 970 1923 procul
987 1822 1139 1923 repulsis
1157 1824 1269 1900 latro-

154 1930 162 1939 ’
193 1941 301 2013 nibus
315 1939 533 2014 habitatores
549 1957 658 2015 terrae
672 1941 869 2016 refovebat.
886 1943 1051 2015 Civiliter
1062 1942 1170 2041 Angli
1184 1968 1267 2016 cum

193 2058 416 2132 Normannis
428 2055 684 2132 cohabitabant
697 2060 736 2130 in
749 2058 891 2157 burgis,
906 2059 1032 2130 castris
1042 2073 1080 2131 ct
1090 2057 1266 2148 urbibus,

195 2173 497 2250 connubiisalteri
513 2175 643 2249 alteros
656 2193 786 2250 mutuo
798 2175 865 2247 sibi
879 2179 1151 2277 conjungentes.
1161 2174 1269 2251 Vicus

201 2493 293 2564 1032),
309 2494 353 2548 sut
366 2492 537 2567 archevsique
552 2492 587 2546 de
597 2492 699 2546 Rouen
712 2494 792 2564 apres
804 2494 873 2547 Jean
886 2491 1089 2556 d’Avranches,
1102 2511 1138 2547 cn
1155 2511 1233 2568 ¹⁰79·
1247 2491 1271 2547 ll

198 2584 266 2638 e'tait
284 2602 320 2638 en
338 2580 402 2636 effet
419 2582 517 2635 cousin
536 2580 572 2636 dc
589 2580 696 2636 Girard
709 2579 808 2635 Fleitel
826 2581 1034 2654 (Flagitellus),
1054 2582 1120 2653 pere
1137 2579 1174 2635 de
1187 2576 1271 2637 Guil·

197 2674 290 2730 laume
303 2673 346 2740 1‘2,
362 2672 466 2746 eaeque
482 2659 619 2726 d’Evreux
635 2669 826 2742 (rolli-1066).
842 2671 916 2725 C'est
930 2670 965 2725 de
979 2690 1010 2725 cc
1026 2682 1201 2744 personna'ge
1217 2686 1272 2744 qne

199 2763 238 2818 les
252 2779 412 2818 communes
425 2761 462 2815 de
471 2761 660 2816 saint-Pierre
670 2771 698 2814 et
710 2759 746 2813 de
757 2758 1218 2815 Saint-Denis·du·Boac-Gueranl
1227 2777 1273 2832 pa·

200 2857 318 2909 raissent
335 2853 411 2907 avoir
424 2852 482 2924 pris
498 2850 560 2905 leur
573 2870 649 2905 num.
665 2849 688 2904 ll
701 2850 794 2905 donna
810 2850 835 2904 la
855 2849 974 2906 seconde
990 2853 1006 2903 'a
1023 2849 1273 2907 Salat-Wandrille

201 2963 251 3018 par
265 2961 320 2996 une
336 2942 433 2996 charte
450 2951 566 3014 portant
583 2939 609 2994 la
622 2941 809 3012 souscription
822 2940 856 2994 de
872 2939 1274 3014 Guillanrne-le-Conquerant

201 3043 231 3087 et
247 3029 282 3086 de
294 3030 456 3085 Guillaume
474 3028 620 3103 d'Arques.
635 3029 716 3084 Cctte
729 3029 917 3084 circonstance
934 3046 1039 3101 prouve
1057 3027 1125 3101 qu‘il
1144 3031 1274 3084 surneent

201 3138 274 3178 assez
287 3121 461 3194 long-temps
473 3136 526 3174 aux
538 3118 607 3174 ducs
626 3118 750 3173 Richard
767 3120 796 3173 ΙΙ
817 3129 845 3173 et
860 3118 986 3173 Richard
1004 3116 1142 3172 111.-11
1159 3135 1196 3174 ue
1215 3118 1274 3174 lant

202 3229 251 3286 pas
264 3209 385 3285 prendre
400 3212 416 3263 b
429 3208 454 3263 la
467 3208 549 3263 lettre
563 3207 602 3263 lea
611 3209 782 3295 expressions
795 3207 830 3263 de
842 3219 922 3263 notre
933 3219 1042 3274 auteur,
1055 3208 1105 3281 qui
1115 3207 1275 3264 teudericus

202 3303 218 3355 a
230 3302 298 3355 faire
307 3300 398 3354 croire
413 3316 468 3372 que
481 3296 603 3368 l’abbaye
615 3296 650 3351 dc
660 3297 867 3352 saint-Etienne
876 3298 966 3352 aurait
975 3299 1020 3352 ete
1028 3296 1122 3370 placee
1132 3296 1201 3352 dans
1214 3296 1274 3352 l’ia·

204 3392 310 3447 te'rieur
323 3389 363 3443 du
376 3389 492 3444 chiteau
504 3387 540 3443 de
552 3386 636 3443 Cacu.

242 3483 281 3553 (a)
300 3480 348 3536 On
362 3495 445 3552 pense
457 3477 586 3552 qu’entre
597 3477 759 3533 Guillaurne
772 3477 870 3532 Fleitcl
883 3486 911 3532 et
924 3475 1083 3544 baudonis,
1095 3476 1140 3531 ila
1153 3492 1192 3550 pu
1206 3475 1276 3531 cxl*

204 3582 249 3627 ter
268 3590 308 3626 un
328 3580 408 3625 autre
425 3568 528 3641 eaeque
545 3570 657 3623 nomme
673 3566 786 3622 Micbel.
805 3568 844 3623 Ce
861 3567 928 3641 qu’il
946 3585 963 3639 y
980 3586 995 3622 a
1015 3566 1050 3623 de
1068 3567 1192 3634 certain,
1209 3566 1276 3623 c‘ast

204 3679 259 3735 que
272 3658 418 3713 Baudouin
430 3659 498 3711 ctait
511 3656 614 3730 aveque
623 3644 760 3711 d’Evreux
772 3667 853 3711 arant
863 3657 889 3711 le
905 3656 935 3712 18
945 3657 1010 3728 juin
1023 3655 1105 3722 1066,
1121 3657 1232 3730 epoque
1241 3655 1276 3711 de

205 3752 231 3806 la
244 3750 374 3805 dedicace
384 3747 419 3802 de
432 3748 456 3800 la
468 3747 689 3802 Salute-Trinite
699 3747 734 3801 de
747 3748 836 3812 Caen,
851 3747 888 3800 orl
899 3745 918 3799 il
928 3745 1018 3818 figura
1028 3765 1063 3800 eu
1074 3755 1146 3800 cette
1158 3745 1275 3819 qualite.

206 3841 277 3895 Mais
291 3848 371 3892 notre
382 3846 481 3890 auteur
493 3854 521 3890 se
531 3847 640 3909 trompe
653 3854 701 3890 sur
710 3835 736 3890 le
746 3836 863 3890 nombre
875 3835 962 3890 deses
974 3838 1075 3890 annees
1089 3832 1274 3908 d'episcopat,

205 3926 339 4002 puisqu'il
352 3935 467 3979 mourut
479 3943 514 3978 en
527 3942 602 4000 ¹⁰7⁰·
618 3924 776 3991 Gislebcrt,
795 3940 845 3977 son
857 3940 1024 3991 successeur,
1039 3939 1143 3996 occupa
1155 3941 1187 3977 ce
1201 3924 1276 3996 siege

206 4023 413 4087 trente-quatre
425 4029 487 4080 ans,
502 4029 610 4067 comme
623 4029 693 4067 nous
706 4012 732 4066 le
747 4028 859 4067 verrens
872 4011 933 4085 plus
947 4010 1019 4066 tard.
1036 4013 1096 4066 lues
1106 4011 1142 4065 de
1156 4009 1277 4065 Bellene

185 4168 189 4184 ι
207 4115 323 4159 mourut
336 4103 409 4158 aussi
420 4121 455 4158 eu
469 4119 549 4176 1070,
564 4112 592 4157 et
605 4101 712 4157 Robert
724 4101 759 4155 dc
772 4101 826 4156 Rie
837 4120 897 4156 vers
913 4100 993 4170 1082,
1008 4101 1230 4156 conformement
1240 4114 1277 4153 au

208 4195 277 4250 re'cit
290 4192 326 4247 de
338 4201 418 4247 notre
431 4199 539 4245 auteur.
