2926 4980
194 455 290 530 [met
307 449 498 521 1071-10801
562 440 681 504 LIBER
701 437 895 514 Quantus.
1205 439 1267 499 223

193 559 330 635 fundos
344 559 413 634 sibi
425 560 628 660 antiquitus
637 557 742 631 datos
756 582 775 628 a
790 552 954 629 fidelibus
968 552 1113 652 Anglis,
1128 555 1267 628 violen-

196 692 254 752 ter
269 693 306 752 et
324 679 455 777 injuste
472 675 660 750 abstulerit
678 677 693 773 (
718 674 748 771 ).

245 792 447 869 Gaufredus
469 819 616 895 quoque
636 790 962 866 constantiniensis
984 789 1171 889 episeopus
1183 843 1194 878 ,
1222 790 1266 864 de

195 911 314 987 nobili
339 912 637 986 Normannorum
654 910 829 1010 progenie
851 923 975 999 ortus,
994 909 1056 1007 qui
1079 910 1266 982 certamini

194 1028 361 1103 senlacio
377 1027 500 1101 fautor
511 1054 593 1101 acer
605 1041 642 1100 et
657 1025 864 1099 consolator
879 1021 1064 1111 interfuit,
1083 1038 1119 1097 et
1139 1025 1176 1096 in
1190 1024 1267 1096 aliis

195 1142 452 1231 conflictibus,
478 1145 544 1243 qui
572 1140 806 1241 postmodum
830 1137 980 1212 advenas
1013 1153 1050 1211 et
1084 1137 1267 1239 indigenas

194 1259 381 1359 utrimque
400 1259 666 1351 contriverant,
692 1255 860 1356 magister
872 1253 1035 1329 militum
1052 1252 1144 1340 fuit,
1167 1253 1266 1328 dono

194 1377 381 1452 Guillelmi
405 1376 498 1477 regis
522 1376 693 1449 ducentas
716 1388 755 1447 et
775 1371 962 1472 octogiuta
983 1369 1085 1443 villas
1114 1371 1223 1470 (quas
1244 1397 1266 1442 a

195 1493 377 1566 manendo
403 1493 583 1566 manerios
608 1491 717 1590 vulgo
742 1489 937 1585 vocamus)
961 1485 1150 1574 obtinuit;
1180 1515 1266 1589 quas

194 1635 324 1686 omnes
340 1611 467 1710 nepoti
485 1635 551 1683 suo
566 1609 611 1683 de
628 1607 826 1694 Molbraio,
846 1622 997 1706 propter
1013 1607 1212 1707 nequitiam
1230 1624 1266 1681 et

196 1729 437 1802 temeritatem
450 1754 551 1800 suam
564 1753 641 1802 non
652 1726 715 1799 diu
728 1750 948 1826 possessuro,
966 1725 1127 1798 moriens
1140 1725 1265 1800 dereli-

194 1844 313 1949 quit(
338 1847 368 1943 )·

246 1958 460 2034 Eustachius
484 1986 629 2062 quoque
651 1959 878 2033 Boloniensis
902 1975 939 2032 et
957 1957 1164 2032 Rodbertus
1186 1961 1269 2037 Mo-

196 2078 415 2169 ritoliensis‚
439 2078 655 2152 Guillelmus
671 2074 900 2150 Ebroicensis
919 2090 956 2149 et
976 2075 1181 2149 liodbertus
1194 2077 1268 2150 Au-

196 2196 312 2269 censis
335 2210 444 2294 atque
463 2193 673 2270 Goisfredus
699 2193 873 2266 Rotronis
890 2192 985 2264 filius
1005 2193 1270 2267 Mauritanien-

197 2313 245 2386 sis
262 2314 339 2411 (3),
357 2313 488 2412 aliique
505 2312 656 2386 comites
671 2327 709 2385 et
724 2312 937 2410 optimates,
951 2335 1043 2410 quos
1059 2310 1268 2410 singillatim

197 2430 389 2504 nominare
415 2455 577 2529 nequeo,
612 2454 760 2528 magnos
789 2427 950 2500 redditus
981 2443 1017 2501 et
1048 2427 1204 2504 honores
1231 2431 1269 2505 in

197 2543 327 2645 Anglia
346 2560 561 2644 receperunt
578 2571 596 2616 a
612 2571 695 2646 rege
710 2543 921 2618 Guillelmo.
936 2542 996 2616 Sic
1009 2544 1166 2618 extranei
1183 2544 1271 2618 divi-

199 2658 258 2731 tiis
276 2658 417 2760 Angliae
433 2657 657 2747 ditabantur,
676 2685 745 2758 pro
763 2655 894 2762 quibus
914 2656 979 2732 lilii
1004 2661 1079 2758 ejus
1101 2662 1271 2761 nequiter

199 2774 524 2863 interficiebantur,
544 2776 600 2850 vel
622 2792 782 2850 extorres
808 2802 873 2874 per
900 2792 1019 2848 extera
1044 2804 1153 2879 regna
1178 2779 1272 2853 irre-

198 2891 403 2966 meabiliter
422 2891 652 2994 fugabantur.

249 3011 319 3108 lpsi
338 3035 425 3082 vero
448 3010 544 3108 regi,
564 3023 606 3080 ut
626 3009 757 3096 fertur,
784 3009 883 3082 mille
903 3024 940 3081 et
964 3010 1146 3111 sexaginta
1168 3010 1272 3087 librae

200 3125 395 3200 sterilensis
406 3142 588 3215 ‘monetae,
608 3126 786 3227 solidique
803 3128 951 3226 triginta
967 3141 1003 3200 et
1020 3145 1093 3202 tres
1110 3129 1210 3204 oholi
1230 3158 1273 3205 ex

195 3242 302 3343 justis
328 3242 527 3316 redditibus
547 3243 687 3344 Angliae
704 3271 769 3343 per
786 3245 946 3345 singulos
963 3244 1038 3320 dies
1054 3246 1271 3340 redduntur,

236 3579 275 3650 (ι)
293 3578 429 3633 Lanfranc
443 3577 560 3631 reclama
573 3596 637 3632 aveo
650 3578 766 3632 fermete
778 3578 943 3634 deventune
952 3579 1102 3635 assemble'e
1116 3579 1155 3634 du
1166 3587 1271 3650 comte,

201 3669 329 3744 prendre
346 3688 397 3743 par
413 3667 553 3736 Geoffroi‚
568 3669 671 3743 rivique
691 3667 726 3723 de
738 3670 909 3737 Coutances,
924 3670 964 3726 les
980 3670 1123 3728 domaines
1139 3673 1276 3730 enlevesi

202 3777 252 3816 son
264 3760 351 3834 e'glise
361 3778 411 3832 par
425 3759 503 3827 Odo,
515 3769 545 3814 et
559 3759 592 3814 ils
605 3759 644 3813 lui
659 3759 754 3815 furent
766 3758 881 3814 rendus.

235 3851 274 3921 (ι)
293 3849 417 3905 Geollroi
427 3848 462 3904 de
472 3849 612 3904 lllonthrai
624 3851 783 3920 (commune
793 3849 833 3904 du
842 3859 944 3905 canton
955 3849 990 3904 de
999 3850 1107 3922 Perci),
1124 3851 1228 3927 ένῖηιιε
1241 3855 1276 3911 de

202 3939 358 3996 Coutances
371 3959 406 3994 en
418 3939 487 3994 avril
504 3939 583 4007 1048,
598 3949 673 3994 mort
685 3937 711 3992 le
723 3956 738 3991 a
751 3939 853 3994 sevrier
868 3936 944 4013 1093.
957 3938 1037 3993 Nous
1048 3943 1275 3999 verronsei-des

203 4046 267 4085 sous
284 4041 426 4085 comment
446 4048 496 4084 son
513 4048 599 4085 neveu
621 4028 716 4103 perdit
731 4029 886 4084 l’immeuse
907 4029 1035 4100 heritage
1058 4031 1126 4105 qu’il
1146 4033 1185 4088 lui
1205 4038 1277 4091 avait

204 4119 295 4178 laisse.

240 4206 280 4278 (3)
298 4207 423 4263 Geoffioi
438 4207 473 4263 de
488 4209 652 4281 Mortague,
664 4218 758 4265 comte
771 4206 810 4262 du
824 4206 941 4262 Perche.
