2910 4980
562 420 678 482 num
700 421 883 498 Quintus.
1193 428 1253 489 sss

191 540 418 614 Hic-Ricardi
433 542 583 614 senioris
598 540 699 614 ducis
712 568 755 616 ex
767 539 980 616 Guunoride
994 541 1088 615 filius
1105 542 1196 633 fuit,
1217 563 1253 620 ct

192 683 306 731 xtvtu
325 660 428 732 anuis
445 658 787 758 archiepiscopatum
807 660 1105 758 Rotomagcnsem
1136 676 1172 734 et
1199 688 1264 734 (ιο--

192 776 361 847 mitatum
381 774 637 847 Ebroiceusem
661 789 823 873 tempore
838 770 1012 847 Rodberti
1032 778 1124 875 regis
1141 778 1255 850 Fran-

193 895 260 964 ciae
275 908 312 965 et
323 893 469 965 Henrici
479 891 543 964 filii
558 896 632 991 ejus
640 893 748 965 rexit.
765 892 1050 992 TuncAgapitus
1060 894 1256 968 ctGerber·

192 1024 252 1080 tus
267 1007 449 1095 Silvester,
462 1005 641 1080 lohannes
653 1023 689 1079 ct
701 1007 930 1095 Benedictus,
949 1009 1107 1109 itemque
1120 1011 1254 1083 lohan-

192 1152 256 1199 nes
270 1141 308 1197 et
322 1124 532 1197 Benedictus
550 1126 722 1197 Romanae
734 1123 959 1223 praefuerunt
971 1125 1151 1198 Ecclesiae.
1167 1127 1255 1200 Otto

191 1257 335 1329 autem,
359 1242 534 1315 Henricus
553 1257 589 1313 et
605 1240 709 1316 Cono
726 1241 957 1339 imperatores
979 1268 1043 1340 per
1061 1242 1254 1341 legitimam

191 1360 453 1433 successionem
485 1357 765 1432 dominabantur
791 1357 1012 1456 reipublicae.
1048 1359 1254 1432 Radbertus

190 1476 478 1576 archiepiscopus
503 1474 693 1547 mundanis
718 1473 847 1573 opibus
872 1475 1007 1547 affatim
1036 1474 1252 1564 abundavit,

190 1592 424 1667 saecularibus
439 1594 592 1692 negotiis
605 1591 739 1691 oppido
758 1593 917 1665 intentus
934 1593 1074 1680 extitit,
1095 1608 1162 1666 eta
1184 1621 1255 1665 car·

189 1708 337 1782 nulibus
355 1707 529 1782 illecebris
547 1734 621 1780 non
642 1711 700 1803 (ut
713 1707 922 1806 pontificem
935 1708 1123 1806 decuisset)
1143 1709 1256 1781 absti-

190 1828 289 1899 nuit.
303 1827 394 1899 Nam
408 1830 595 1926 conjugem
608 1827 757 1899 nomine
766 1825 971 1914 Herlcvam,
986 1842 1027 1898 ut
1040 1853 1172 1916 comes,
1189 1827 1256 1900 ha·

191 1941 296 2030 buit,
328 1969 372 2015 ex
403 1968 472 2042 qua
498 1957 568 2014 tres
595 1941 688 2014 filios
719 1971 726 2010 :
758 1936 971 2030 Ricardum,
1002 1941 1196 2014 Radulfum
1221 1959 1257 2014 et

183 2057 428 2132 Guillelmum
452 2058 596 2157 genuit3
619 2056 750 2158 quibus
766 2056 1023 2131 Ebroicensem
1044 2058 1254 2131 comitatum

191 2192 230 2250 et
242 2176 331 2250 alios
347 2176 500 2249 honores
516 2176 750 2274 amplissimos
764 2176 959 2247 secundum
968 2178 1027 2274 jus
1042 2174 1162 2247 saeculi
1181 2176 1258 2247 ‹lis-

194 2290 338 2363 tribuit.
365 2291 406 2362 ln
422 2305 602 2364 senectute
623 2289 787 2377 taudem,
814 2314 979 2362 errorum
1008 2314 1147 2361 memor
1170 2316 1257 2361 suo·

191 2435 301 2497 rum,
331 2407 528 2507 poenituit,
555 2423 590 2480 ct
621 2433 689 2505 pro
715 2404 871 2479 reatibus
902 2407 1024 2478 multis
1050 2408 1257 2506 magnisque

191 2525 353 2598 multum
381 2525 515 2596 timuit.
546 2522 676 2595 Multas
702 2524 812 2621 igitur
829 2521 1068 2622 eleemosynas
1091 2525 1257 2621 pauperi-

192 2644 262 2715 bus
286 2643 466 2742 erogavit,
491 2641 744 2742 ecclesiamque
767 2639 1079 2738 metropolitanam
1104 2641 1141 2712 in
1167 2639 1256 2712 urbe

193 2744 448 2859 Rotomagensi
471 2775 602 2832 sanetae
624 2757 687 2832 Dei
707 2758 873 2858 genitrici
895 2785 913 2828 a
936 2757 1178 2831 fundamentis
1198 2760 1257 2829 in-

193 2874 363 2962 choavit,
394 2899 502 2974 quam
534 2899 659 2973 magna
694 2899 737 2945 ex
764 2888 866 2971 parte
893 2873 1155 2947 consummavit
1184 2875 1200 2970 (
1225 2876 1255 2969 ).

192 2989 367 3064 Rioardus
380 2992 438 3064 ll¹¹'
455 2988 528 3062 dux
542 3014 620 3063 xxx
632 2990 735 3062 annis
752 2988 922 3061 ducatum
936 2989 1170 3063 Normanniae
1188 2991 1261 3061 lau·

193 3103 363 3178 debiliter
383 3106 514 3194 tenuit,
536 3119 571 3178 et
581 3101 796 3203 pauperibus
806 3102 961 3176 Christi:
978 3103 1115 3176 clericis
1131 3120 1168 3177 et
1185 3132 1262 3178 mo·

195 3221 333 3309 nachis,
352 3236 393 3292 ut
410 3222 490 3320 pius
505 3236 620 3321 pater,
635 3219 819 3307 subvenit,
840 3237 877 3294 et
890 3222 958 3293 tria
975 3218 1161 3309 coenobia,
1177 3248 1259 3321 quae

196 3355 299 3436 pater
317 3341 392 3437 ejus
413 3337 577 3413 fundavit
598 3370 606 3409 :
628 3337 732 3413 idest
751 3339 1004 3425 Fiscannense,
1030 3339 1068 3410 S.
1093 3337 1258 3412 Audoeni

200 3455 236 3525 in
263 3450 439 3527 suburbio
467 3455 677 3554 Rotomagi,
705 3469 742 3527 et
765 3455 802 3526 S.
831 3452 1012 3527 Michaelis
1036 3454 1074 3525 in
1098 3454 1259 3553 periculo

207 3802 348 3879 d'llvreux,
371 3815 439 3869 mais
457 3831 526 3868 nous
549 3832 583 3868 ne
603 3831 704 3887 voyons
724 3832 771 3887 pas
788 3833 843 3888 que
863 3824 934 3869 cette
954 3814 1115 3870 distinction
1134 3816 1259 3871 diminuc

208 3901 344 3977 beaucoup
355 3903 379 3958 la
394 3904 499 3977 gravit&
511 3905 549 3959 du
563 3904 695 3959 scandale.

237 4009 273 4080 (ι)
292 4009 373 4062 Cette
386 4011 604 4063 reconstructiou
617 4008 652 4062 dc
665 4008 690 4060 la
705 4007 860 4062 cathedrale
870 4007 904 4061 dc
914 4007 1011 4062 Roucu
1023 4020 1064 4062 cst
1073 4008 1140 4063 celle
1154 4008 1201 4081 qui
1217 4007 1259 4062 lut

211 4099 335 4152 termiut'e
349 4116 398 4170 par
414 4099 537 4153 llaurile.
553 4099 628 4152 Nous
643 4116 723 4151 avons
739 4115 772 4150 vu
788 4097 922 4151 ci-dessus
935 4116 989 4169 quc
999 4098 1023 4151 la
1034 4096 1160 4153 dedicate
1169 4117 1202 4152 cn
1213 4108 1260 4152 cut

210 4178 256 4238 lieu
270 4205 305 4240 cn
325 4185 400 4242 solii.
