2910 4980
254 360 294 418 lb
526 358 708 418 HISTORIA
729 355 1031 418 ttccttsttsttcl.
1105 360 1311 439 [1050-1057]

254 493 435 563 cerneret,
451 492 488 549 et
504 492 637 549 aeterna
654 492 804 576 propter
818 479 1002 576 apostasiae
1019 490 1158 549 reatum
1173 479 1315 577 snppli-

255 596 308 668 cia
329 609 524 680 metueret,
542 591 661 664 abbati
681 593 876 683 Mainerio,
895 595 958 694 qui
975 608 1057 692 post
1072 594 1314 669 venerabilem

257 710 494 784 Toodericum
519 724 667 808 quartus
689 708 782 780 idem
799 710 894 782 rexit
918 707 1151 797 coenobium,
1174 711 1315 809 suppli-

257 829 352 899 carit
380 843 421 898 ut
448 824 611 897 habitum
640 825 678 895 S.
702 823 907 914 Benedicti,
932 852 1042 926 quem
1064 827 1216 924 peccatis
1243 826 1315 899 suis

256 943 470 1017 facientibus
482 943 691 1043 reliquerat,
706 940 773 1013 sibi
790 944 965 1016 redderet.
982 943 1099 1035 Quem
1113 969 1198 1014 cum
1210 944 1315 1042 adep·

258 1076 318 1132 tus
335 1060 472 1147 suisset,
489 1058 606 1131 tribus
622 1056 902 1131 hebdomadibus
918 1060 1113 1158 supervixit
1128 1075 1165 1133 et
1183 1060 1315 1134 ibidem

258 1178 370 1247 vitam
388 1175 519 1247 linivit.
545 1173 738 1245 lufirmitas
758 1175 856 1246 enim
878 1175 974 1247 illius
996 1191 1068 1247 tam
1085 1177 1202 1276 gravis
1219 1190 1315 1261 erat,

259 1317 342 1391 qnae
356 1291 473 1364 officio
487 1287 630 1361 mulieri
648 1314 768 1361 catere
783 1315 858 1362 non
872 1305 1030 1388 poterat,
1052 1291 1202 1391 ideoque
1216 1290 1317 1363 rivus

258 1404 392 1478 deferri
412 1404 575 1503 nequivit
593 1401 637 1472 ad
657 1404 913 1475 monasterium
932 1403 1025 1476 uude
1042 1404 1261 1478 discesserat.

309 1523 352 1591 ln
363 1517 489 1592 diebus
495 1517 679 1589 Willermi
692 1517 791 1588 ducis
801 1518 1035 1590 Normanniae
1047 1522 1112 1591 lvo
1122 1519 1216 1591 lilius
1224 1519 1319 1589 Wil-

262 1638 365 1710 lermi
384 1635 615 1709 Belesmeusis
630 1635 831 1731 sagiensem
847 1637 1091 1734 episcopatum
1104 1634 1267 1735 regebat,
1282 1650 1321 1707 et

263 1750 490 1825 haereditario
498 1753 581 1848 jure
590 1776 634 1822 ex
643 1764 790 1846 paterna
802 1752 1041 1836 successione,
1059 1749 1233 1823 fratribus
1247 1751 1320 1822 suis

263 1867 420 1940 Warino
441 1882 479 1938 et
500 1863 686 1938 Rodbe1·to
711 1881 819 1964 atque
833 1866 1028 1939 Willermo
1049 1865 1317 1953 deficientibus,

263 1982 485 2055 belesmense
503 1977 678 2078 oppidum
694 1978 895 2077 possidebat
911 1981 982 2077 (1).
1002 1981 1069 2051 llic
1083 1996 1160 2052 erat
1180 1980 1322 2053 littera-

263 2127 348 2172 rum
369 2100 505 2197 peritus
526 2114 564 2170 et
583 2122 735 2195 corpore
753 2096 924 2188 decorus,
943 2124 1046 2196 sagax
1067 2114 1104 2171 et
1125 2096 1317 2184 facundus,

263 2217 418 2302 facetus,
436 2216 663 2315 multumque
675 2219 832 2312 jocosus.
850 2216 1006 2288 Clericus
1021 2231 1059 2288 et
1071 2214 1265 2288 monachos
1280 2230 1323 2286 ut

263 2350 367 2433 pater
377 2333 471 2405 filios
480 2330 639 2419 amabat,
651 2346 688 2404 et
701 2333 796 2404 inter
805 2335 1008 2430 praecipuos
1016 2335 1148 2407 amicos
1156 2332 1321 2406 abbatem

265 2449 505 2523 Teodericum
517 2444 768 2519 venerabiliter
781 2446 932 2519 colebat.
947 2449 1049 2545 Saepe
1062 2446 1323 2522 conveniebant

264 2565 309 2636 ad
327 2565 461 2663 privata
481 2562 673 2662 wlloquia.
696 2561 788 2633 Nam
805 2563 991 2663 sagiorum
1007 2563 1094 2636 urbs
1110 2580 1247 2663 septem
1260 2589 1323 2637 so·

268 2678 453 2751 lummodo
473 2677 584 2777 leugis
598 2678 706 2749 distat
727 2677 773 2748 ab
788 2679 946 2752 Uticensi
968 2673 1107 2751 abbatia
1125 2680 1198 2777 (a).
1221 2685 1323 2750 Prae-

265 2797 329 2869 l'ati
357 2795 519 2894 praesulis
543 2812 689 2893 neptem
710 2797 857 2869 nomine
879 2795 1062 2867 llabiliam
1083 2796 1259 2894 Rogerins
1280 2795 1324 2867 de

266 2913 587 2986 Monte-Comerici
601 2912 846 2985 Oximeusium
859 2914 1055 2985 vicecomes
1067 2914 1104 2984 in
1117 2913 1323 3011 conjugium

268 3025 440 3114 babebat3
458 3055 524 3125 pcr
537 3055 646 3128 quam
658 3055 823 3128 magnam
838 3045 976 3127 partem
988 3029 1216 3127 possessionis
1227 3029 1325 3099 Wil-

268 3144 372 3217 lermi
388 3144 619 3218 belesmensis
634 3144 854 3218 obtinuerat.
874 3144 944 3236 Qui
961 3146 1123 3243 praedicti
1144 3142 1326 3245 pontilicis

268 3264 444 3337 instinctu
456 3277 493 3336 et
504 3264 656 3337 consilio
669 3263 850 3336 ecclesiam
862 3265 901 3334 S.
915 3263 1062 3336 Martini
1075 3263 1168 3362 apud
1180 3262 1326 3361 Sagium

268 3378 468 3452 ‘l'eoderico
482 3374 602 3447 abbati
619 3377 657 3448 S.
678 3375 821 3448 Ebrulfi
836 3377 1000 3463 tradidit,
1017 3403 1170 3477 eumque
1189 3391 1229 3448 ut
1250 3373 1325 3447 ibi-

266 3493 350 3569 dcm
370 3491 583 3566 coenobium
598 3492 802 3567 monachile
816 3509 1053 3580 construeret,
1072 3519 1154 3565 cum
1173 3495 1325 3591 conjuge

267 3634 330 3682 sua
354 3636 582 3710 summopere
605 3613 757 3711 rogavit.
785 3616 839 3684 At
862 3611 921 3685 ille
941 3612 1036 3684 band
1055 3613 1210 3710 segniter
1232 3611 1323 3682 assi-

303 3928 342 3997 (ij
355 3928 414 3982 lea
425 3928 461 3982 de
470 3925 604 3993 Bellemc,
617 3930 720 4002 &seque
732 3927 768 3983 de
779 3929 845 3984 δέω
859 3927 956 3999 depuis
972 3921 1037 3979 1035
1046 3924 1156 3999 jusqu'i
1169 3941 1244 3997 ¹⁰5⁰·

304 4017 344 4084 (π)
357 4017 407 4071 les
418 4017 505 4072 lienes
513 4015 584 4070 dont
595 4017 672 4090 parle
682 4017 719 4070 ici
732 4029 812 4072 notre
823 4026 923 4070 auteur
931 4032 1001 4068 noue
1011 4016 1161 4088 paruissent
1174 4013 1233 4063 itm
1246 4010 1324 4062 den·

270 4121 348 4157 rirou
360 4122 430 4158 noo
442 4108 533 4160 toises
