2926 4980
194 433 359 509 [sanast]
559 430 676 491 nsua
697 430 888 506 Quantus.
1196 437 1251 494 aar

246 548 460 649 [870-955.]
490 549 606 623 Variis
627 549 807 624 bellorum
836 550 1105 649 tempestatibus
1130 552 1253 652 Anglia

193 668 426 767 postmodum
435 666 642 765 perturbata
655 683 721 754 est,
737 682 773 740 et
788 665 948 738 barbaris
958 664 1025 738 sub
1034 665 1183 740 ducibus
1195 671 1257 740 ln-

193 810 284 884 guar
293 800 330 857 et
341 780 513 856 Halfdene
525 810 565 856 ac
577 781 746 871 Gudrun,
759 782 907 882 aliisque
919 785 1083 882 tyrannis
1096 810 1257 883 superve-

194 896 380 973 nientibus
397 924 415 969 a
439 898 545 971 Dacia
566 898 622 972 vel
642 897 957 998 Norregania“(i),
977 899 1257 1000 Angligenarum

194 1040 342 1113 regum,
370 1014 433 1113 qui
455 1013 667 1087 naturaliter
695 1014 834 1113 Angliae
866 1014 1104 1112 praefuerant,
1138 1031 1259 1088 muta-

194 1129 297 1202 tione
324 1127 435 1215 facta,
460 1126 702 1201 crulandense
722 1129 979 1201 monasterium
1003 1127 1258 1228 depopulatum

194 1260 268 1332 est,
293 1245 385 1316 sicut
401 1244 467 1315 alia
487 1243 642 1341 plurima
650 1272 661 1330 3
686 1259 896 1318 ornamenta
920 1271 980 1318 sua
1003 1243 1069 1317 sibi
1095 1262 1180 1318 sunt
1196 1273 1259 1317 su-

194 1359 293 1433 blata
318 1376 356 1434 et
376 1360 471 1432 villae
488 1360 695 1448 devastatae,
718 1359 885 1461 laicisque
902 1378 1028 1439 contra
1046 1363 1259 1435 canonicum

189 1480 251 1576 jus
270 1479 308 1550 in
324 1478 528 1552 dominium
540 1477 707 1550 redactae.
721 1477 791 1550 Sed
802 1478 922 1549 divina
938 1481 1067 1578 pietas,
1082 1506 1165 1579 quae
1177 1505 1260 1578 per-

193 1593 311 1664 mittit
331 1608 482 1691 propter
504 1608 646 1690 peccata
664 1592 788 1690 populi
809 1591 1015 1692 hypocritas
1039 1620 1102 1691 per
1123 1594 1261 1693 aliquot

194 1708 370 1805 temporis
384 1733 547 1803 regnare,
563 1708 668 1779 novit
685 1708 793 1779 etiam
809 1709 984 1808 castigatis
998 1706 1081 1780 filiis
1098 1723 1260 1807 tempora

193 1850 319 1897 serena
335 1849 400 1922 per
421 1821 767 1896 administrationem
790 1824 1035 1923 legitimorum
1054 1825 1259 1923 principum

193 1939 452 2039 redintegrare.
480 1938 605 2026 Unde,
625 1938 783 2038 praefatis
805 1941 968 2038 tyrannis
989 1943 1073 2040 (qui
1096 1958 1260 2014 sanctum

194 2054 430 2129 Edmundum
441 2056 827 2155 Estanglorumregem
847 2083 928 2130 cum
945 2058 1068 2130 multis
1085 2059 1161 2130 aliis
1174 2058 1260 2132 fide-

196 2172 293 2245 libus
305 2174 391 2245 viris
406 2174 636 2260 occiderunt,
658 2189 694 2247 et
707 2175 867 2247 ecclesias
880 2190 1086 2249 sanctorum
1103 2191 1140 2250 et
1159 2174 1262 2249 babi-

196 2288 315 2361 tacula
331 2289 620 2362 Christianorum
637 2291 718 2390 igne
734 2291 1017 2388 succenderunt)
1030 2291 1154 2366 divino
1167 2309 1261 2364 nutu

196 2405 411 2503 peremptis,
431 2404 487 2478 vel
512 2406 583 2478 alio
606 2403 770 2505 quolibet
788 2406 896 2480 modo
913 2406 1077 2505 dejectis,
1095 2406 1262 2480 Alfredus

196 2521 376 2595 Adelvulfi
393 2522 483 2620 regis
497 2522 590 2594 lilius
602 2523 677 2596 Deo
685 2525 835 2620 juvante
848 2523 1055 2621 praevaluit,
1074 2539 1110 2598 et
1125 2525 1262 2622 primus

197 2639 365 2713 omnium
381 2665 505 2738 regum
520 2639 765 2712 monarchiam
779 2640 889 2712 totius
903 2640 1043 2738 Angliae
1056 2642 1152 2713 solus
1168 2639 1262 2714 obti-

198 2756 294 2829 nuit.
312 2757 398 2828 Post
414 2755 511 2828 bunc
528 2756 715 2828 Eduardus
729 2756 823 2829 filius
839 2761 930 2856 ejus,
953 2758 1016 2857 qui
1035 2758 1155 2831 senior
1171 2779 1261 2856 cog-

198 2871 468 2961 nominabatur,
481 2871 545 2944 diu
556 2872 695 2946 utiliter
707 2873 889 2972 regnavit3
904 2874 1132 2974 moriensque
1146 2871 1261 2945 tribus

199 2985 284 3059 liliis
299 2989 371 3059 suis
392 2986 586 3060 Edelstano
607 3003 643 3060 et
663 2986 858 3077 Edmundo
881 3013 923 3059 ac
942 2986 1087 3061 Edredo
1109 3013 1262 3087 regnum

198 3102 360 3201 reliquit.
386 3101 456 3193 Qui
474 3128 626 3201 regnum
640 3101 780 3201 Angtiae
796 3126 921 3175 omnes
938 3129 1004 3201 per
1023 3103 1188 3176 ordinem
1205 3118 1262 3174 te-

198 3233 381 3304 nuerunt,
401 3233 436 3290 et
455 3218 606 3317 quisque
623 3233 784 3318 tempore
797 3244 862 3291 suo
879 3216 1101 3289 laudabiliter
1113 3241 1261 3315 regnare

195 3351 237 3406 et
252 3331 419 3431 subjectis
437 3334 601 3432 prodesse
618 3335 764 3406 studuit.

250 3451 376 3548 [948]
386 3452 566 3548 Tempore
575 3451 704 3525 Edredi
714 3454 806 3550 regis
817 3450 1031 3523 Turketelus
1038 3448 1181 3549 quidam
1191 3448 1260 3521 cle·

199 3567 296 3637 ricus
310 3566 572 3639 bundoniensis
585 3566 667 3653 fuit,
679 3568 740 3666 qui
754 3567 933 3665 apraefato
945 3592 1028 3664 rege
1041 3579 1081 3637 ut
1091 3563 1157 3636 sibi
1168 3563 1261 3639 Cru-

199 3681 354 3755 landiam
363 3682 512 3755 donaret
520 3684 680 3781 expetiit.
691 3685 755 3754 Cui
767 3710 830 3756 rex
839 3681 936 3782 quod
946 3680 1261 3780 petieratlibenter

233 4014 273 4081 (ι)
294 4011 396 4083 inguar
409 4011 492 4083 (870),
504 4008 638 4064 Halfdtne
650 4008 738 4084 (876),
753 4009 887 4063 Gotbrun
901 4005 1051 4081 (877·890).
1064 4007 1113 4060 las
1124 4005 1260 4059 invasions

199 4102 249 4156 des
266 4101 367 4155 Danois
380 4119 414 4187 on
428 4099 592 4173 Angleterre
606 4101 711 4154 avaient
721 4103 879 4155 commonet
892 4098 940 4153 dds
951 4098 988 4152 les
999 4098 1148 4170 proniidres
1161 4100 1260 4152 anne'es

200 4190 239 4244 dn
250 4193 335 4262 rdgne
347 4189 524 4243 ‹t’ttuelwots
533 4191 542 4257 (
549 4186 691 4263 837-857).
