2910 4980
201 441 261 502 12⁴
471 444 655 506 HISTORIA
675 443 980 506 ECCLESIASTICA.
1154 450 1264 529 [itm]

102 628 105 633 .
199 585 261 634 mo
277 559 359 632 duci
376 559 529 651 fecerat,
546 563 725 662 complere
737 590 814 637 non
828 579 966 661 posset,
984 576 1120 637 mutata
1136 564 1263 640 inten-

198 678 298 753 tione
311 677 362 750 ait
378 709 387 750 ε
406 678 674 753 Sublimitatem
685 696 857 771 uestram,
871 680 1157 781 magnficerex,
1170 678 1261 785 sup-

189 793 286 896 pleo·
303 793 411 885 odeo,
425 812 460 866 ct
471 822 529 868 me
539 798 786 896 servitiumque
802 823 920 868 meum
932 797 1120 899 majestati
1132 814 1264 871 vestm

184 908 352 1008 fideliter
361 911 493 1008 offltro,
513 926 552 983 ut
562 912 706 1013 possim
722 914 858 984 restitui
868 937 939 1010 per
952 928 1114 985 vestrum
1128 912 1261 1013 suffio·

193 1026 299 1124 gium
312 1025 443 1100 hanon·
457 1052 509 1099 cx
514 1044 673 1128 patemo
687 1028 911 1100 successrbne
924 1026 1053 1100 debito.
1069 1028 1171 1101 Num
1189 1028 1260 1101 He·

197 1139 325 1213 raldus
328 1139 455 1241 frater
473 1168 588 1233 meus,
611 1145 676 1243 qui
683 1145 771 1243 jure
799 1140 905 1231 miti,
934 1157 1056 1241 utpote
1069 1144 1261 1244 primoge-

196 1258 298 1344 nito,
318 1256 498 1332 debuisset
510 1284 640 1361 parere
649 1314 663 1348 ,
673 1256 934 1351 fraudulenter
953 1257 1152 1329 insurrexit
1172 1282 1259 1331 ωη-

196 1388 252 1446 tra
269 1400 337 1464 me,
352 1391 386 1447 ct
400 1402 550 1475 regnum
562 1376 714 1475 Angtiae
727 1376 904 1476 perjuriis
907 1376 1145 1476 proesumpsit
1155 1400 1260 1447 usuu-

191 1515 298 1589 pare.
321 1491 461 1564 Unde
442 1519 469 1565 a
482 1492 582 1565 vobis
591 1519 718 1593 ,quos
733 1493 870 1565 viribus
889 1508 925 1565 et
942 1500 1073 1580 annis,
1095 1492 1260 1593 omnique

195 1604 372 1705 probitate
388 1610 580 1709 praecipue
599 1611 721 1705 vigere
746 1634 946 1707 cognosco,
969 1608 1120 1681 viriliter
1144 1606 1259 1711 uelp'u-

197 1723 277 1793 vari
279 1737 429 1822 utpote
439 1721 544 1796 lwmo
561 1740 696 1813 vester,
709 1749 885 1823 exposco.
899 1724 1261 1859 Proterviumperfidi

185 1834 323 1931 fratris
335 1835 423 1909 bello
436 1839 626 1937 proterite,
641 1838 866 1911 medictatem
882 1840 1033 1939 Anglr'oe
1051 1838 1153 1913 uobis
1171 1840 1260 1913 reti-

196 1965 299 2041 nete,
317 1952 501 2053 alicuique
516 1954 625 2044 nuti,
640 1981 702 2053 qut
699 1953 815 2027 uobis
829 1954 1080 2054 indcfideliter
1093 1958 1255 2039 tertiam,

197 2066 286 2138 dum
303 2068 499 2158 advisere,
516 2072 675 2143 retinete.
695 2069 758 2141 His
773 2070 919 2156 auditis,
937 2067 1059 2141 avidus
1079 2094 1144 2142 rex
1160 2066 1260 2143 valde

197 2184 335 2282 gavisus
352 2201 416 2257 est.
434 2185 570 2259 Deinde
581 2186 688 2284 jussit
703 2185 901 2258 exercitum
914 2184 1117 2284 aggregari,
1134 2182 1259 2283 bellio·

199 2301 437 2375 instrumenta
462 2304 675 2402 praeparari,
706 2317 743 2376 et
768 2302 902 2400 regiam
934 2301 1078 2375 classem
1106 2328 1175 2401 per
1201 2326 1259 2375 sex

198 2443 336 2492 menses
348 2418 585 2517 diligenterin
600 2417 770 2490 omnibus
785 2418 914 2515 aptari.
932 2416 1116 2491 Erroneus
1126 2416 1261 2491 exulati

198 2548 341 2607 tanturn
369 2535 531 2611 laborem
561 2551 758 2635 tyrannum
786 2534 935 2623 excivit,
958 2558 1111 2633 eumque
1135 2532 1260 2607 callida

198 2650 488 2750 tergiversatione
507 2650 626 2725 taliter
642 2649 777 2738 illexit,
797 2674 845 2722 ne
862 2647 908 2720 ab
920 2674 964 2723 eo
980 2647 1079 2749 quasi
1097 2646 1260 2749 explora-

198 2781 257 2839 tor
270 2768 373 2867 regni
389 2768 442 2838 sui
459 2782 663 2867 caperetur,
678 2766 738 2839 sed
752 2782 794 2837 ut
813 2790 879 2863 per
902 2792 985 2839 eum
1001 2762 1260 2865 qiaotsnomodo

198 2881 364 2978 injuriam
387 2881 604 2981 expulsionis
626 2908 699 2955 suae
718 2881 763 2954 de
780 2880 946 2954 malefido
971 2880 1083 2953 fratre
1116 2880 1259 2955 uleisos·

196 3010 311 3070 retur.

243 3111 487 3187 Nihilominus
502 3115 797 3191 Normannorum
813 3114 973 3188 marchio
991 3111 1139 3212 parabat
1161 3138 1261 3187 suam

198 3231 480 3332 profectionem,
502 3236 641 3309 nescius
657 3234 848 3308 infortunii
871 3231 969 3335 qnod
985 3254 1261 3347 preoccupave-

196 3365 253 3422 rat
279 3377 383 3424 suum
412 3379 691 3451 praecursorem,
722 3369 761 3426 et
786 3368 885 3425 extra
911 3365 1086 3423 statutum
1114 3374 1261 3421 cursum

194 3468 302 3569 longe
314 3470 523 3569 propulerat
538 3470 582 3541 ad
593 3469 897 3568 Septentrionem.
921 3469 961 3539 ln
981 3464 1147 3538 Neustria
1163 3464 1262 3537 mul-

196 3600 243 3659 tae
261 3612 366 3659 naves
383 3612 466 3660 eum
480 3586 692 3661 utensilibus
708 3586 779 3659 suis
795 3586 985 3686 diligenter
1003 3596 1137 3683 paratae
1152 3594 1258 3667 sunt;

195 3701 328 3801 quibus
343 3702 559 3778 fabricandis
578 3704 697 3778 clerici
714 3718 752 3777 et
767 3704 846 3775 laici
863 3700 988 3773 studiis
1003 3716 1040 3774 et
1058 3696 1262 3798 sumptibus

195 3816 363 3893 adhibitis
384 3820 520 3919 pariter
548 3822 781 3895 intenderunt
810 3820 880 3917 (1).
910 3819 1105 3891 Exactione
1127 3816 1261 3916 prinei·

230 4102 272 4160 lsi
287 4106 366 4160 ttm
380 4124 477 4165 nvom
490 4108 711 4183 paanillanme
723 4109 760 4165 de
771 4109 954 4184 Poitiersque
968 4126 1000 4163 oe
1016 4106 1061 4161 int
1073 4105 1109 4160 de
1120 4104 1191 4161 Dite
1203 4122 1259 4178 qne

490 4196 542 4257 luo
557 4216 630 4273 pour
644 4220 672 4257 se
685 4198 814 4255 rendist
830 4194 1225 4261 saint-Vatenmrsommo
1237 4192 1260 4248 il
