2910 4980
194 409 254 473 ¹14
419 407 602 469 HISTORIA
624 406 927 469 Ecctltsmstlcs.
1048 410 1256 491 [amr-loss]

193 530 414 600 Francorum
426 526 609 613 vitricum,
622 527 738 625 gravis
752 523 878 602 seditio
890 541 1012 602 exorta
1021 542 1088 617 est,
1102 554 1258 631 cumque

194 647 299 745 Hugo
315 671 396 718 cum
414 642 587 743 praedicto
606 643 752 718 consule
769 644 935 720 audacter
952 671 1161 746 congressus
1181 661 1253 735 est,

195 765 281 864 quia
297 762 454 834 miiitum
472 762 586 859 impar
602 761 635 834 ei
656 787 826 834 numerus
842 778 938 851 erat,
957 762 1258 864 fugere'compul·

194 907 252 952 sus
268 895 332 952 est.
345 881 387 950 ln
401 877 466 950 hac
478 876 559 977 fuga
568 878 740 950 Ricardus
755 878 801 952 de
816 879 1097 955 Heldrici·Corte
1106 882 1178 980 (r),
1192 894 1259 957 no·

192 994 277 1067 bilis
300 994 401 1065 miles
419 993 463 1066 de
485 1018 576 1093 pago
596 993 816 1081 Vilcassino,
844 995 1051 1068 vulneratus
1069 1011 1136 1070 est.
1164 996 1258 1071 Nam

195 1111 283 1183 dum
297 1109 427 1181 vadum
442 1109 544 1208 Eptae
561 1109 720 1181 iluminis
738 1135 832 1209 cquo
849 1110 1020 1185 velociter
1038 1110 1178 1212 fugiens
1196 1113 1258 1185 in-

195 1254 332 1329 gressus
353 1243 424 1314 est,
450 1227 694 1326 persequentis
716 1224 841 1298 militis
861 1227 979 1301 lancea
1000 1252 1108 1327 super
1124 1234 1259 1329 equum

195 1374 216 1419 a
234 1361 335 1446 tergo
357 1345 527 1418 acerrime
546 1368 731 1441 percussus
750 1360 814 1417 est.
835 1343 904 1437 Qui
922 1370 1007 1418 mox
1027 1343 1071 1418 ad
1090 1344 1259 1418 Novum·

194 1460 394 1534 Mercatum
407 1458 541 1533 delatus
554 1475 607 1531 est
621 1485 639 1530 a
654 1459 965 1533 commilitonibus
981 1459 1074 1549 suis;
1091 1460 1258 1561 morique

196 1593 380 1664 metuens,
394 1574 545 1648 consilio
558 1575 737 1674 Hugonis,
758 1575 795 1646 in
819 1579 918 1675 cujus
938 1575 1072 1648 familia
1090 1576 1261 1651 servierat

197 1696 236 1765 in
261 1694 389 1780 armis,
408 1692 551 1765 devovit
574 1691 703 1766 amodo
729 1719 765 1765 se
781 1692 1021 1765 militaturum
1041 1691 1110 1766 sub
1132 1702 1261 1767 mous·

197 1807 284 1881 cbili
304 1831 432 1883 norma
450 1809 628 1880 virtutum
652 1810 843 1882 exercitiis.
863 1810 1048 1885 Uticenses
1071 1835 1157 1911 ergo
1177 1834 1262 1885 mo-

198 1924 332 1999 nachos
358 1925 541 2013 accersiit,
573 1939 610 1999 et
638 1923 789 1999 Osberni
821 1926 957 1999 abbatis
989 1927 1198 2028 magisterio
1225 1952 1263 2003 se

198 2041 428 2140 mancipavit.
452 2042 576 2114 Postea
598 2039 758 2113 donante
781 2041 877 2131 Deo,
901 2043 964 2140 qui
984 2059 1186 2142 peccatores
1208 2040 1263 2115 di·

200 2155 308 2228 versis
330 2152 577 2228 occasionibus
592 2154 637 2227 de
657 2152 828 2228 barathro
852 2155 1064 2254 perditionis
1090 2154 1262 2246 retrahit,

198 2271 368 2344 Ricardus
389 2272 676 2372 aliquantulum,
695 2297 772 2346 non
790 2287 909 2345 tamen
926 2300 969 2346 ex
990 2274 1150 2374 integro,
1173 2300 1267 2350 castra·b

199 2388 311 2461 valuit
320 2441 331 2475 ,
347 2403 384 2460 et
402 2386 477 2460 fere
491 2412 543 2460 vn
557 2388 660 2458 annis
675 2388 712 2457 in
725 2387 852 2461 ordine
863 2387 1022 2462 fervidus
1031 2391 1143 2479 vixit,
1157 2394 1266 2495 atque

198 2503 363 2604 pluribus
373 2504 488 2578 modis
502 2503 670 2576 Ecclesiae
680 2504 848 2600 profecit.
864 2507 931 2577 Hic
945 2509 1078 2580 etenim
1089 2507 1267 2607 patrimo·

200 2623 304 2694 nium
316 2647 433 2710 suum,
449 2620 548 2721 quod
568 2623 606 2692 in
625 2648 718 2721 pago
729 2622 927 2696 Vilcassino
940 2624 1160 2724 possederat,
1180 2625 1267 2725 quia

202 2764 353 2812 uxorem
370 2751 407 2810 et
423 2734 555 2809 liberos
571 2762 649 2811 non
665 2737 854 2824 habuerat,
873 2753 955 2838 post
970 2739 1128 2814 vulneris
1145 2740 1268 2815 laesio·

203 2881 289 2928 nem
305 2855 438 2926 Sancto
451 2852 605 2927 Ebrulfo
621 2867 750 2952 sponte
768 2880 889 2927 secum
902 2857 1058 2932 contulit
1066 2911 1078 2946 ,
1093 2871 1129 2931 et
1143 2883 1163 2928 a
1178 2856 1269 2931 Ful-

205 2995 296 3044 cone
308 2984 438 3069 patruo
451 2993 518 3041 suo
528 2984 634 3068 atque
647 2965 825 3043 Herberto
837 2972 1010 3043 Pincerna
1020 2973 1098 3074 (qui
1110 2972 1269 3073 capitalis

205 3085 375 3159 dominus
391 3085 482 3182 erat)
498 3083 644 3184 aliisque
660 3085 869 3183 parentibus
883 3088 953 3159 suis
968 3089 1143 3188 integram
1164 3086 1269 3187 hujus

206 3204 258 3277 rei
289 3202 554 3277 concessionem
577 3200 750 3275 obtinuit.
777 3205 856 3302 lpse
880 3206 1073 3294 nimirum,
1107 3204 1270 3306 quamvis

208 3320 310 3420 plaga
342 3323 416 3419 ejus
447 3341 643 3417 numquam
674 3317 788 3390 clausa
809 3334 920 3407 esset,
956 3335 991 3394 et
1022 3321 1105 3395 inde
1136 3322 1268 3412 sanies,

209 3450 387 3536 quantum
410 3449 498 3507 testa
520 3435 578 3507 ovi
601 3436 733 3507 anseris
756 3459 880 3535 capere
897 3451 1015 3536 posset
1036 3441 1092 3536 (ut
1113 3436 1273 3512 refertur

209 3551 254 3623 ab
271 3551 325 3624 his
343 3552 405 3652 qui
423 3550 636 3649 viderunt),
655 3549 818 3652 quotidie
834 3551 1026 3641 deflueret,
1050 3567 1272 3627 conventum

211 3670 374 3742 ordinate
391 3670 488 3768 sequi
507 3668 673 3742 ardenter
688 3668 874 3759 studebat,
896 3687 933 3744 et
949 3671 1169 3761 ministeria,
1189 3696 1273 3773 quse

218 3971 282 4026 1062
299 3973 419 4044 &Agnes
436 3967 471 4024 de
486 3969 597 4037 Russie,
614 3990 698 4027 seuve
710 3973 745 4029 de
756 3975 844 4030 Henri
859 3976 902 4042 l·¹,
923 3977 964 4030 roi
978 3975 1013 4031 de
1026 3977 1144 4045 Francc,
1160 3986 1276 4032 mourut

214 4076 247 4111 en
266 4063 340 4132 1074.

253 4148 291 4217 (r)
312 4148 498 4215 Heudicourt‚
513 4150 575 4220 pres
590 4149 747 4222 Etrepagni.
