2910 4980
131 421 225 495 [arcs
240 417 329 494 1083]
496 414 612 477 LIBER
633 412 815 488 QUINTUS.
1133 415 1193 476 419

131 538 405 636 generositatem
420 550 578 607 uestram
585 589 599 622 ,
617 535 777 633 gloriose
794 534 937 623 consul,
947 533 1111 635 fideliter
1128 539 1194 608 ad·

133 679 262 727 moneo
274 668 326 740 ut,
341 651 429 723 dum
446 651 540 740 licet,
562 653 601 722 in
614 653 788 724 comitatu
802 668 917 723 oestro
932 653 1055 750 (quem
1065 655 1153 751 jum
1170 681 1194 725 a

127 768 299 870 patribus
326 792 399 839 non
424 784 635 839 consecutus
657 793 694 840 es
716 767 968 864 haereditario)
990 768 1196 841 monachile

135 902 295 959 castrum
318 903 443 957 contra
467 882 638 956 Satanan
659 900 887 956 construatur
907 885 1011 969 De0,·
1039 884 1099 956 ubi
1124 912 1194 985 pro

135 1005 261 1075 anima
285 1020 404 1074 uestra
429 1001 605 1073 cucullati
634 1001 777 1099 pugiles
806 1001 1001 1073 Behcmoth
1029 1003 1197 1100 corfiictu

136 1117 298 1189 resistent
322 1117 486 1189 assiduo.
516 1116 617 1188 Ecce
639 1143 749 1216 super
769 1115 912 1188 Malam
926 1116 1086 1214 fluuium
1109 1117 1198 1189 mihi

137 1232 267 1306 domus
284 1250 355 1320 est,
380 1259 488 1330 quam
506 1259 623 1333 nuper
637 1231 769 1305 dedisti
780 1267 798 1319 ‚·
815 1238 926 1332 juxta
949 1261 1058 1332 quam
1083 1235 1199 1329 (sicut

138 1374 236 1420 anno
262 1362 466 1434 transacta,
495 1363 580 1419 ante
611 1375 716 1420 aram
747 1352 867 1420 sancti
895 1350 999 1421 Petri
1014 1350 1198 1448 principis

138 1465 398 1565 apostolorum,
416 1464 543 1536 Roma
561 1462 794 1565 ootumfeci)
818 1464 1002 1565 lapideam
1015 1464 1200 1563 adificare

140 1581 330 1654 basilicam
352 1582 460 1682 coepi.
485 1580 688 1655 Basilicam
708 1585 850 1680 itaque,
878 1609 1010 1680 quam,
1036 1599 1076 1654 ut
1095 1581 1198 1670 dici,

139 1714 266 1796 sponte
291 1713 372 1769 uoto
398 1700 628 1785 constrictus,
646 1693 781 1794 facere
804 1722 919 1797 nuper
942 1698 1101 1786 institui,
1126 1696 1201 1769 do·
1258 1688 1273 1713 '

139 1838 307 1911 mumque
331 1840 449 1885 meam
475 1839 558 1886 curn
588 1816 688 1884 omni
716 1831 899 1914 apparatu
929 1840 1008 1886 mea
1033 1812 1202 1912 gaudens

140 1931 253 2028 offero
276 1930 543 2031 Cunctipotenti
550 1963 567 2015 ;
584 1955 710 2028 tneque
721 1957 791 2030 pro
804 1957 914 2031 posse
931 1956 1011 2003 meo
1021 1930 1205 2031 polliceor

141 2045 347 2145 adjutorem
360 2045 414 2116 ad
424 2048 549 2118 amnia
557 2051 596 2116 in
609 2050 752 2118 nomine
763 2045 853 2119 lesu
869 2045 1015 2118 Christi.
1030 2047 1204 2145 Exsurge

141 2162 325 2253 uelociter,
342 2166 461 2264 incipe
476 2163 642 2252 uiriliter,
659 2188 750 2262 opus
770 2163 845 2236 Dei
854 2166 927 2258 sac
942 2166 1143 2261 insigniter.

285 2320 363 2374 ‘I’ollc
376 2338 481 2382 moras,·
495 2322 707 2391 sempernocuit
718 2317 833 2394 dffrrc
846 2321 954 2390 paratis
962 2318 1011 2389 (ι).

124 2516 127 2526 .
191 2456 302 2528 hlutri
322 2457 483 2558 profecto
504 2457 659 2529 aderunt
683 2474 953 2559 cooperatores,
979 2475 1012 2529 et
1036 2475 1120 2558 post
1127 2454 1204 2556 fu-

142 2599 211 2644 nus
228 2573 338 2643 etiam
355 2589 513 2644 oestrum
524 2575 584 2673 pii
591 2600 662 2671 pro
676 2573 778 2645 valis
797 2591 968 2647 oratores.
990 2575 1037 2645 In
1047 2575 1200 2675 primic,

143 2687 412 2761 aduenientibus
427 2689 612 2762 monachis
632 2717 712 2762 cum
730 2693 969 2763 caementariis
987 2690 1042 2762 ad
1054 2691 1204 2790 jacien-

144 2804 232 2875 dum
247 2805 748 2903 monasteriisundamentum
755 2865 767 2896 ,
786 2808 840 2879 ad
856 2807 1120 2880 inchoationem
1135 2807 1204 2879 hu

137 2919 347 3018 juseemodi
365 2926 551 3019 porrigam
576 2948 625 2995 xv
650 2923 762 2996 libras
784 2924 1034 2996 sterilensium.
1061 2923 1205 2995 Deinde

143 3042 317 3137 meipsum
327 3094 339 3126 ,
356 3054 390 3110 et
400 3038 639 3111 Benedictum
641 3040 769 3141 filium
777 3068 895 3114 meum
899 3043 984 3142 jam
1001 3046 1205 3142 quinquen-

144 3186 245 3249 nem,
267 3176 301 3231 et
322 3162 448 3232 omnia
469 3187 552 3233 meu
572 3163 717 3235 tradam
736 3166 954 3236 monasten'o
962 3220 975 3253 ,
1001 3164 1070 3234 tali
1086 3179 1206 3245 tenore

145 3291 184 3345 ut
201 3277 362 3346 onmium
375 3302 493 3348 rerum
510 3303 672 3350 mearum
688 3279 862 3352 medietas
877 3304 1016 3351 mecum
1027 3277 1208 3350 subdatur

145 3390 402 3463 manachorum
430 3392 592 3466 dominio
606 3451 619 3484 ,
655 3393 805 3492 aliaque
832 3395 1007 3467 medietas
1033 3392 1205 3466 Ebrarda

135 3506 223 3605 filio
240 3534 318 3580 meo
334 3507 492 3581 dedatur
506 3509 572 3582 sub
587 3510 847 3585 monachorum
857 3513 1074 3610 patrocinio.
1089 3513 1205 3583 Porro

140 3626 425 3724 primogenitum
439 3627 492 3723 (2)
513 3626 746 3723 (Ordericum
761 3626 954 3724 videlicet)
972 3652 1089 3698 meum
1098 3629 1206 3725 jam-

148 3741 288 3813 dudum
306 3742 431 3815 lt'tteris
449 3743 681 3816 imbuendum
700 3743 844 3816 liberali
859 3743 1053 3817 didascalo
1070 3743 1208 3814 manci-

182 3993 221 4061 (ι)
239 3992 355 4059 Luccio,
370 3993 482 4062 Pharo„
498 3960 598 4060 1‚'281.

182 4084 221 4151 (o)
240 4083 289 4136 Lcs
308 4082 381 4139 deux
401 4096 474 4140 mats
494 4086 541 4156 qui
564 4085 671 4140 suivent
691 4092 842 4155 manquent
865 4080 933 4136 dans
956 4079 982 4136 le
1003 4080 1155 4136 manuscrit
1174 4079 1209 4135 de
1233 4085 1239 4096 ’

151 4164 366 4228 §uiuificasti
