2910 4980
114 412 318 493 [roso-iasa]
487 410 800 473 trasumenus.
1134 414 1171 473 aa

111 546 263 631 gnatum
288 556 379 631 opus
407 533 445 603 in
471 530 619 603 nomine
643 528 789 602 Ilomini
816 524 1020 616 inchoavit,
1050 527 1171 631 ibique

113 648 310 749 Rogerium
320 646 524 719 Uticensem
536 642 751 719 monachum
768 640 986 716 sacerdotem
1003 658 1039 715 et
1055 644 1171 719 Mori-

113 790 204 837 num
221 779 259 835 et
275 760 533 862 [ingelbertum
542 815 552 848 ‚
572 760 729 861 aliosque
746 786 790 833 ex
804 758 985 859 discipulis
997 760 1069 831 suis
1082 786 1173 834 con-

112 882 258 978 stituit(
264 881 312 978 ι).
324 881 401 979 lpse
409 904 555 980 quoque
563 878 690 977 saepius
701 877 854 950 culidem
863 876 984 948 locum
991 874 1169 966 visitabat,

113 1012 150 1069 et
182 995 315 1069 ibidem
340 994 532 1097 aliquando
558 992 675 1067 tribus
700 1018 762 1067 seu
785 1009 941 1091 quatuor
966 992 1172 1091 septimanis

112 1110 379 1201 commanebat,
395 1128 431 1185 et
445 1112 596 1211 incoepti
610 1111 728 1210 operis
742 1109 953 1207 perfectioni
969 1136 1036 1209 pro
1052 1138 1173 1185 amore

111 1231 177 1303 Dei
206 1247 238 1303 et
266 1230 421 1302 utilitate
447 1232 674 1330 sequentium
701 1228 785 1301 totis
811 1226 949 1300 nisibus
972 1226 1169 1301 insistebat.

112 1343 265 1417 Praelata
279 1370 366 1419 vero
379 1344 526 1417 Mabilia
539 1342 695 1417 multum
708 1357 783 1415 erat
795 1358 923 1439 potens
934 1359 971 1414 et
978 1342 1168 1430 saecularis,

113 1459 238 1533 callida
258 1474 295 1533 ct
316 1460 467 1561 loquax,
492 1460 714 1557 nimiumque
737 1457 901 1528 crudelis.
920 1456 1031 1531 Valde
1052 1472 1170 1533 tamon

114 1576 234 1647 virum
251 1574 316 1648 Dei
335 1574 572 1650 'l'eodericum
589 1572 771 1673 diligebat,
786 1574 890 1671 eique
904 1573 1008 1672 (licet
1023 1573 1099 1646 aliis
1115 1604 1171 1647 re-

115 1692 249 1792 ligiosis
275 1688 483 1765 hominibus
512 1690 620 1763 nimis
645 1690 734 1761 dura
758 1691 871 1786 esset)
897 1690 935 1761 in
959 1690 1169 1793 quibusdam

113 1805 317 1881 obediebat.
337 1806 562 1879 Rodbertum
577 1830 724 1906 quoque
740 1804 784 1877 de
803 1804 972 1879 Belesmia
990 1808 1174 1909 primoge-

113 1924 235 1995 nitum
251 1922 369 1994 lilium
384 1948 489 1995 sunm
505 1924 618 2020 (cujus
634 1920 824 1993 crudelitas
843 1922 879 1994 in
899 1922 1024 1995 diebus
1042 1927 1175 1997 nostris

114 2064 222 2136 super
237 2038 380 2110 miseras
399 2036 521 2135 plebes
539 2038 692 2109 nimium
709 2036 897 2135 efferbuit)
917 2039 980 2135 ipsi
1000 2054 1036 2111 et
1053 2040 1174 2140 Roge-

114 2153 188 2240 rio,
207 2152 357 2251 aliisque
375 2150 560 2225 monachis
575 2148 669 2250 apud
685 2151 830 2249 Sagium
846 2152 1172 2243 commorantibus,

114 2268 158 2340 ad
173 2267 392 2341 abluendam
408 2294 508 2341 sacro
524 2266 745 2366 baptismatis
760 2266 863 2341 sonte
878 2266 1025 2341 obtulit.

163 2384 258 2457 Vera
281 2382 432 2455 charitas
457 2382 582 2469 illum,
615 2384 653 2454 in
678 2409 753 2484 quo
781 2400 930 2483 regnat,
959 2382 1066 2458 bonis
1088 2386 1176 2460 facit

115 2498 325 2587 amabilem,
346 2515 383 2573 et
404 2501 578 2596 perversis
594 2498 872 2573 formidabilem.
895 2499 978 2576 ldeo
995 2528 1088 2601 saepe
1104 2530 1175 2576 no-

116 2617 274 2689 minatus
288 2614 396 2688 abbas
415 2642 433 2687 a
453 2614 560 2689 bonis
576 2618 709 2690 merito
723 2615 951 2717 diligebatur,
970 2634 1007 2693 et
1024 2646 1042 2691 a
1059 2623 1177 2719 pravis

119 2731 326 2807 timebatur.
341 2733 548 2805 Exteriores
559 2732 657 2804 enim
669 2758 771 2805 curas
788 2733 825 2804 in
843 2748 1017 2831 quantum
1034 2751 1177 2835 poterat

116 2848 317 2939 devitabat,
346 2876 490 2951 seseque
519 2849 643 2925 divino
669 2849 783 2921 cultui
810 2849 966 2924 ferventi
990 2850 1177 2928 sedulitate

117 2964 357 3065 mancipabat.
382 2965 554 3039 Assiduus
575 2991 704 3064 nempe
724 2966 763 3039 in
779 2966 1005 3039 orationibus
1021 2984 1118 3057 erat,
1141 2988 1177 3043 et

120 3085 157 3156 in
184 3110 293 3183 opere
314 3110 488 3157 manuum
511 3082 609 3182 quod
632 3080 699 3155 sibi
725 3082 962 3181 competebat.
988 3082 1080 3157 Nam
1104 3086 1177 3185 ipsc

119 3198 275 3299 scriptor
291 3214 368 3272 erat
383 3197 542 3298 egregius
551 3249 562 3285 ,
576 3214 613 3270 et
628 3196 762 3297 inclyta
780 3198 896 3269 insitae
912 3195 979 3269 sibi
996 3198 1082 3271 artis
1101 3227 1179 3275 mo·

120 3316 283 3387 nimenta
313 3314 462 3413 reliquit
489 3312 650 3387 Uticanis
673 3311 878 3411 juvenibus.
911 3312 1178 3388 Collectaneum

120 3434 217 3504 enim
234 3446 271 3503 et
286 3429 438 3505 Gradale
455 3432 510 3529 (a)
528 3456 569 3503 ac
585 3430 890 3531 Antiplionarium
904 3430 1052 3529 propria
1069 3458 1177 3503 manu

154 3712 164 3779 (
170 3708 340 3781 rJL’abbaye
347 3704 383 3761 de
391 3706 715 3763 sanemarium-seez
724 3708 807 3781 qn’oa
816 3707 886 3762 croit
893 3706 970 3763 avoir
979 3709 1023 3763 e'te
1030 3708 1097 3763 dans
1106 3710 1178 3766 l'ori·

121 3800 184 3869 gine
204 3796 265 3851 l’ou
286 3794 335 3849 des
355 3795 507 3850 nombrenx
530 3798 697 3851 monasteres
715 3795 811 3851 londes
831 3814 880 3871 par
893 3794 964 3851 saint
975 3787 1089 3854 Erroult
1111 3800 1179 3856 dans

122 3887 282 3955 l'lliemois,
296 3903 331 3939 oc
343 3886 432 3957 paralt
448 3888 524 3941 avoir
542 3888 586 3941 etc'·
599 3886 859 3961 anthentiqnement
869 3888 983 3944 retablie
996 3890 1078 3963 qn’en
1102 3892 1178 3947 1060.

121 3976 195 4031 C’est
207 3992 243 4029 au
255 3975 346 4028 moins
356 3972 383 4027 la
393 3972 457 4028 date
466 3992 521 4047 qne
533 3984 647 4048 portent
659 3974 698 4031 los
711 3975 818 4031 chartea
828 3975 953 4031 relatives
965 3980 980 4032 a
990 3989 1061 4032 cetto
1074 3990 1180 4035 restau-

123 4066 223 4119 ration.
238 4064 333 4135 Voyez
351 4064 445 4117 Gallia
460 4064 631 4129 Christiana,
646 4082 688 4133 in,
705 4066 784 4119 instr.
799 4064 851 4120 col.
869 4064 928 4119 151.

157 4158 197 4223 (a)
207 4156 255 4209 On
264 4155 378 4207 derivait
387 4153 620 4209 indilidrcinment
632 4174 667 4209 au
681 4174 780 4227 moyen
793 4156 843 4226 alge
853 4155 970 4227 gradale
979 4175 1014 4209 on
1028 4158 1163 4229 graduale
1175 4187 1179 4211 :
