2910 4980
173 455 280 532 [¹080]
544 452 662 514 LIBER
682 453 867 529 QUINTUS.
1177 457 1234 520 321

223 571 444 672 Presbyteri,
461 573 526 672 qui
537 573 591 644 od
604 572 785 671 synodum
795 576 920 649 uenire
930 574 1171 680 neglexerint,
1186 581 1238 651 si-

175 691 320 765 militer.

194 810 276 895 ,Et
296 812 362 909 qui
377 808 556 910 synodum
579 827 612 880 el
635 810 813 882 circatam
836 811 894 907 (1)
918 812 1064 884 statutis
1084 817 1241 885 terminis

175 951 248 998 non
267 923 486 1010 reddidcn‘t,
511 923 688 995 similiter.

225 1042 272 1117 Si
286 1043 439 1116 clericus
461 1067 635 1115 coronam
654 1067 761 1113 suam
782 1042 978 1130 dimiserit,
1001 1041 1178 1116 similiter.

225 1160 272 1235 Si
290 1159 490 1234 monaclms
511 1160 570 1232 vel
586 1158 785 1248 monacha,
807 1161 872 1260 qui
891 1177 977 1232 sunt
992 1163 1072 1233 sine
1090 1163 1239 1261 regula,

176 1277 340 1352 habitum
357 1305 464 1351 suum
482 1276 702 1366 dimiserint,
721 1277 899 1351 similiter.

227 1395 276 1469 Si
276 1396 481 1497 presbyteri
480 1394 819 1497 pratertreoioeDei
827 1391 1039 1492 irffractores
1046 1412 1081 1469 et
1087 1395 1245 1471 latrones

176 1514 257 1585 sine
277 1511 427 1585 licentio
445 1511 612 1610 episcopi
627 1511 1036 1601 excommunicaverint,
1066 1511 1241 1585 similiter.

227 1628 274 1702 Si
288 1630 481 1702 erraticum
492 1626 625 1700 habere
639 1626 757 1727 (quod
771 1627 882 1724 vulgo
900 1623 1070 1726 Weridff
1073 1628 1130 1727 (2)
1147 1629 1244 1702 dici-

178 1748 257 1841 tur)
283 1748 322 1819 in
348 1745 490 1818 curiam
514 1742 714 1817 sacerdotis
736 1742 798 1816 vel
824 1744 965 1833 clerici,
997 1747 1063 1844 qui
1087 1748 1126 1818 in
1150 1749 1245 1820 atrio

179 1877 364 1950 maneant,
378 1861 530 1949 venerit,
547 1858 606 1933 uel
620 1864 659 1931 in
671 1861 936 1960 eleemosynam
947 1861 1113 1961 ejusdem
1127 1863 1246 1936 eccle-

182 1981 267 2070 sia,
285 1977 348 2052 vel
361 1982 400 2051 in
416 1980 549 2052 atrium
567 1979 730 2078 episcopi
742 1982 820 2050 erit.

229 2094 382 2195 Siquid
404 2120 472 2195 per
493 2096 757 2166 contentionem
780 2096 819 2164 in
841 2093 948 2167 domo
963 2095 1166 2196 presbyteri
1189 2097 1250 2170 uel

183 2209 307 2284 clerici
325 2210 387 2282 uel
410 2212 450 2282 in
478 2215 573 2282 atrio
597 2209 781 2282 sacerdoti
802 2209 864 2281 uel
889 2210 1021 2283 clerico
1042 2210 1105 2284 uel
1126 2237 1250 2285 eorum

183 2342 401 2428 manupasto
424 2327 479 2425 (3)
505 2327 672 2400 relictum
682 2325 821 2427 fuerit,
847 2328 1011 2429 episcopi
1032 2333 1109 2401 erit.

230 2444 278 2518 Si
291 2443 382 2543 quid
403 2446 440 2515 in
458 2442 613 2517 ecclesia
629 2442 690 2516 vel
704 2444 744 2514 in
763 2445 859 2515 otn'o
877 2445 1092 2535 inueniatur,
1111 2448 1173 2519 uel
1188 2472 1248 2519 re-

180 2562 380 2664 linquatur,
398 2563 565 2662 episcopi
579 2564 658 2633 erit.

227 2679 276 2755 Si
289 2681 371 2780 quis
378 2678 628 2781 preslpterum
640 2696 705 2752 aut
716 2679 934 2753 monachum
949 2697 1015 2752 aut
1029 2682 1247 2756 monacham

175 2796 393 2887 assallierit,
408 2812 473 2867 aut
479 2797 717 2896 percusserit,
733 2813 800 2869 aut
810 2800 961 2897 ceperit,
977 2815 1045 2871 aut
1055 2799 1247 2890 occiderit,

172 2929 248 2990 aut
262 2912 393 2986 domos
407 2937 532 2984 eorum
549 2913 588 2983 in
604 2913 699 2985 atrio
716 2913 934 3003 incenderit,
953 2914 1120 2988 similiter
1132 2941 1249 2989 emen-

172 3029 299 3106 dabit.
324 3027 470 3126 Siquis
491 3026 708 3100 adulterium
731 3030 795 3101 vel
820 3030 992 3102 incestum
1005 3028 1160 3130 fecerit,
1187 3033 1250 3105 vel

172 3174 265 3226 cum
283 3147 443 3220 matrina
458 3147 520 3218 uel
534 3173 619 3218 cum
633 3163 749 3220 matre
764 3146 827 3219 vel
833 3147 963 3245 filiola
980 3154 1120 3239 coierit,
1138 3152 1247 3222 simi-

172 3264 273 3341 liter.
302 3265 347 3337 Si
366 3263 496 3336 mulier
516 3262 586 3336 ltoc
607 3262 706 3335 idem
715 3261 873 3363 jecerit,
897 3265 1073 3337 sindliter.
1098 3264 1145 3336 Si
1165 3268 1246 3366 quis

172 3407 332 3459 acorem
360 3407 488 3467 suam,
509 3379 572 3451 uel
594 3381 629 3452 si
649 3406 724 3478 qua
746 3379 877 3453 mulier
901 3385 1020 3461 virum
1041 3408 1149 3454 suum
1168 3386 1247 3455 sine

172 3498 323 3584 iudicio
348 3496 519 3598 prasulis
550 3496 752 3595 reliquerit,
780 3498 953 3569 sindliter.
986 3496 1061 3595 Qui
1088 3515 1245 3572 mortuos

172 3615 395 3704 consulunt,
425 3613 487 3686 vel
522 3613 702 3714 maleficia
736 3628 915 3702 tractant,
954 3614 1130 3688 similiter.
1169 3615 1247 3716 Qui

209 3865 253 3936 (1)
271 3862 310 3917 1ae
318 3860 393 3916 dmin
404 3861 440 3916 de
449 3859 528 3914 visite
539 3858 575 3915 de
583 3857 687 3932 l'eglise
700 3858 740 3913 dit
751 3861 767 3913 1
778 3858 901 3934 Plrique
912 3862 976 3915 oui
988 3859 1189 3919 l'archidiacre.

210 3952 254 4025 (α)
271 3951 347 4006 Lisez
364 3949 444 4024 weis.
463 3949 502 4004 Ce
519 3958 594 4015 mot,
612 3947 682 4002 dont
698 3958 741 4002 est
758 3966 898 4023 provenue
914 3949 1067 4007 l’ancienne
1085 3954 1243 4026 expression

172 4041 325 4106 iudiciaire
342 4065 348 4095 ε
367 4041 464 4096 choses
481 4043 590 4114 gains,
606 4038 713 4113 signifie
731 4040 766 4094 ici
786 4038 827 4096 les
841 4042 969 4097 animaux
981 4055 1088 4098 errante
1100 4055 1128 4100 et
1142 4045 1244 4117 pe'rdus

172 4130 315 4199 pnrlenrs
326 4129 446 4184 maitrea
896 4130 900 4139 '

211 4216 254 4289 (3)
271 4218 461 4289 Manupastus
475 4241 482 4268 .·
496 4217 640 4285 serviteur,
651 4216 836 4291 domestique.

254 4332 295 4379 ll·
1056 4337 1096 4380 21
