2910 4980
189 418 402 500 [acastus]
564 418 681 478 arnan
702 418 895 493 orsurus.
1200 430 1257 486 an

190 564 390 640 nonymus,
409 538 543 639 aliique
560 537 646 640 legis
662 555 700 611 et
718 540 842 638 gratiae
863 544 1085 640 expositores
1107 546 1145 616 in
1165 568 1261 620 sacra

192 657 335 756 pagina.
351 654 504 728 Athenae
519 655 665 754 quando
681 656 878 729 incolumes
892 657 1085 747 llorebant,
1102 676 1137 733 et
1150 664 1263 736 excel-

194 773 401 847 lentissimae
423 771 467 845 ad
485 772 769 871 praecipiendum
790 772 981 862 sedebant,
1002 775 1204 851 Lanfranoo
1223 782 1261 856 in

194 891 295 965 omni
319 914 451 989 genere
477 889 694 988 eloquentiae
718 904 781 959 aut
810 889 1082 989 disciplinarum
1107 920 1265 996 assurge-

194 1021 297 1094 rent,
317 1022 354 1079 et
372 1007 549 1105 perceptis
571 1003 680 1078 abeo
702 1007 900 1078 commodis
920 1008 1193 1107 allegationibus
1212 1015 1266 1086 in-

193 1123 284 1197 strui
308 1136 497 1222 cuperent.
523 1120 710 1194 Studiosus
731 1121 803 1193 fuit
827 1122 921 1194 idem
942 1125 1129 1198 coenobita
1148 1128 1267 1226 gladio

194 1235 296 1312 verbi
323 1239 501 1337 perimere
523 1252 652 1325 sectas,
680 1239 709 1309 si
737 1264 818 1338 quae
847 1237 953 1311 iidem
979 1240 1191 1317 lacesserent
1214 1272 1269 1318 ca·

195 1356 380 1433 tholieum.
401 1355 571 1430 Profecto
589 1356 846 1455 berengerium
864 1358 1111 1431 Turonensem
1136 1363 1269 1461 (quem
1331 1379 1332 1382 ’

196 1472 367 1547 nonnulli
385 1470 656 1546 haeresiarcham
674 1469 868 1570 putabant,
882 1489 922 1544 et
935 1477 1008 1572 ejus
1019 1473 1149 1574 dogma
1167 1476 1272 1550 dam-

195 1586 352 1676 nubant,
362 1615 439 1688 quo
453 1587 497 1661 de
509 1588 631 1660 salutis
649 1587 763 1661 hostia
778 1605 936 1661 mortem
949 1592 1136 1665 animabus
1150 1596 1272 1694 propi·

196 1703 329 1802 nabat)
343 1705 540 1804 spiritualis
552 1705 687 1805 eloquii
704 1731 881 1778 mucrone
897 1707 1063 1780 confodit
1078 1710 1114 1781 in
1130 1713 1271 1810 synodo

197 1822 360 1898 llomana
374 1839 411 1896 et
423 1822 655 1897 Vercellensi.
671 1820 726 1893 lbi
740 1826 961 1897 sanctissime
974 1829 1157 1925 exposuit,
1174 1855 1273 1903 vera-

197 1941 338 2014 cissime
355 1939 606 2041 comprobavit
624 1967 753 2039 panem
770 1957 807 2014 ct
819 1943 965 2030 vinum,
978 1970 1061 2042 quaa
1077 1945 1272 2019 dominicae

196 2084 333 2133 mensae
349 2073 662 2159 superponuntur,
687 2073 769 2156 post
788 2060 1097 2132 consecrationem
1116 2086 1191 2134 esse
1210 2088 1272 2136 re-

196 2201 277 2248 nam
288 2202 434 2249 carnem
447 2191 484 2249 et
495 2201 623 2247 verum
636 2176 848 2274 sanguinem
863 2175 1008 2246 Domini
1024 2175 1274 2275 redemptoris.

198 2293 493 2370 Profundissimis
525 2290 829 2391 disputationibus
859 2293 1115 2393 Berengerium
1147 2299 1273 2373 Romae

199 2412 433 2510 'latronisque
457 2410 575 2510 palam
600 2410 730 2496 evicit,
757 2436 977 2510 omnemque
1001 2410 1165 2486 baeresim
1189 2442 1271 2488 ana-

196 2525 452 2616 thematizare,
471 2530 680 2626 scriptoque
693 2553 816 2599 veram
829 2525 937 2599 fidem
955 2527 1120 2625 profiteri
1136 2533 1268 2632 coegit.

197 2645 336 2720 Deinde
348 2643 576 2744 blasphemus
589 2642 821 2715 haeresiarcha
826 2695 837 2729 ,
850 2643 932 2740 quia
945 2661 1098 2716 moestus
1109 2645 1270 2739 erubuit,

197 2761 300 2861 quod
319 2759 460 2834 libellos
480 2759 638 2858 perversi
661 2757 838 2858 dogmatis
859 2758 986 2830 Romae
1010 2760 1101 2848 suis,
1128 2787 1175 2834 ne
1198 2762 1272 2860 ipse

198 2892 434 2963 cremaretur,
455 2871 622 2947 manibus
644 2875 682 2945 in
707 2875 827 2971 ignem
849 2874 1060 2971 conjecerit,
1087 2875 1271 2976 discipulis

197 2993 347 3092 pecunia
368 2991 505 3090 pariter
526 3014 566 3060 ac
587 2988 725 3060 fallacia
748 2990 928 3087 corruptis
950 3016 1073 3062 recens
1094 2992 1270 3091 scriptum

197 3107 295 3183 domi
313 3106 495 3194 condidit,
517 3121 554 3178 et
575 3132 641 3204 per
657 3104 800 3178 eosdem
817 3130 966 3204 peregre
988 3109 1206 3198 transmisit,
1229 3126 1272 3183 ut

196 3245 298 3302 vetus
313 3252 416 3301 error
429 3223 662 3325 approbatius
678 3222 883 3311 fulciretur,
904 3239 940 3296 et
960 3226 997 3295 in
1018 3224 1163 3297 futuros
1184 3255 1271 3326 per-

196 3341 398 3421 durabilior
409 3366 524 3415 annos
540 3341 801 3441 porrigeretur.
818 3339 873 3412 Aa
894 3339 993 3438 quod
1011 3340 1270 3419 destruendum

197 3458 420 3533 lanfrancus
428 3456 588 3530 dilucido
602 3456 732 3544 edidit,
743 3470 968 3554 venustoque
983 3456 1067 3530 stilo
1082 3456 1266 3551 libellum,

195 3580 302 3652 sacris
323 3575 599 3649 auctoritatibus
619 3575 888 3672 ponderosum,
913 3589 949 3647 et
970 3573 1267 3651 indissolubiliter

197 3707 423 3771 constantem
444 3690 711 3790 consequentiis
730 3690 932 3783 rationum,
949 3715 1043 3762 vcrae
1067 3691 1267 3793 intelligen-

198 3810 256 3883 tiae
274 3808 495 3881 astructione
510 3807 554 3879 de
571 3804 794 3879 Eucharistia
808 3806 1013 3904 copiosum,
1029 3805 1184 3880 facundo
1197 3836 1269 3881 ser-

197 3951 305 4000 mone
326 3925 572 4011 luculentum,
600 3949 666 3996 nec
688 3924 894 4021 prolixitate
917 3922 1117 3995 taediosum.
1141 3925 1266 3997 Multae

197 4044 352 4118 ecclesiae
370 4043 538 4117 abbatem
558 4043 616 4116 rel
637 4041 848 4141 pontificem
870 4037 1071 4114 incredibili
1091 4041 1266 4116 desiderio

199 4159 262 4232 sibi
285 4161 530 4234 Lanfrancum
544 4161 750 4258 petierunt,
769 4184 877 4258 quem
894 4158 1002 4229 etiam
1017 4158 1131 4231 Roma
1149 4155 1267 4230 Chris·
