2910 4980
189 409 284 484 [cruci
301 402 493 482 1050-1063]
568 399 685 461 LIBER
705 398 883 460 TERTIUS.
917 446 919 450 »
1216 404 1257 463 93

189 522 319 611 liliam,
337 538 484 622 neptem
500 520 634 594 scilicet
658 548 700 594 ex
727 547 852 596 sorore
872 521 1019 594 Henrici
1036 521 1129 620 regis
1146 522 1258 595 Frau-

190 664 316 713 oorum
333 639 389 737 (1)
398 691 410 729 ,
426 638 616 737 conjugem
629 637 784 736 accepit3
804 661 847 709 ex
864 661 934 735 qua
949 635 1055 710 dante
1071 637 1150 710 Deo
1165 637 1258 711 filios

191 771 229 828 et
253 754 343 828 filias
367 751 494 826 hahuit
518 785 527 824 :
551 751 769 826 Rotbertum
793 750 959 826 videlicet
984 767 1021 825 et
1042 752 1256 840 Ricardum,

191 872 428 946 Willermum
444 888 481 946 et
500 872 698 945 Henricum
707 924 718 960 ,
739 869 920 944 Adelizam
937 885 974 944 et
989 871 1237 944 Constantiam
1247 926 1258 959 ,

192 987 362 1062 Ceciliam
386 1003 422 1061 et
449 985 597 1059 Adalam
614 988 682 1086 (α),
707 987 759 1059 De
783 987 838 1059 his
863 987 1049 1087 ingentem
1073 985 1260 1060 historiam

191 1104 329 1179 dicaces
345 1102 624 1204 historiographi
641 1119 760 1177 texere
777 1119 944 1203 possunt,
969 1105 996 1176 si
1020 1107 1098 1179 otio
1118 1120 1262 1180 remoto

191 1222 383 1325 studioque
405 1222 552 1297 admoto
574 1222 690 1294 varios
716 1220 913 1293 illustrium
937 1236 1085 1294 eventus
1109 1224 1263 1319 posteris

193 1337 422 1437 promulgare
450 1351 626 1437 satagunt.
657 1337 733 1410 Nos
757 1352 898 1425 autem,
923 1338 1006 1437 quia
1032 1335 1264 1410 saecularibus

195 1454 305 1527 curiis
321 1479 397 1527 uon
418 1454 633 1540 insistimus,
654 1452 715 1528 sed
736 1455 774 1526 in
796 1453 957 1526 claustris
973 1454 1183 1527 monasterii
1204 1453 1263 1529 de·

193 1586 317 1672 gentes
341 1571 546 1645 monasticis
570 1569 678 1645 rehus
701 1568 963 1662 incumbimus,
988 1597 1026 1645 eu
1052 1597 1135 1671 quae
1157 1568 1264 1645 nohis

194 1701 407 1787 competunt
430 1686 590 1760 breviter
612 1685 845 1774 adnotantes,
868 1685 912 1758 ad
939 1686 1135 1785 incoeptam
1156 1703 1265 1759 mate·

194 1803 286 1876 riam
303 1803 499 1877 redeamus.

244 1917 346 1993 Bello
366 1919 585 1993 Nonnannis
608 1937 735 1994 contra
753 1921 892 1994 vicinos
911 1921 1079 1995 Britoues
1098 1936 1134 1994 et
1152 1920 1267 1995 Ceno·

195 2061 410 2111 munuenses
427 2036 649 2137 insurgente,
665 2037 880 2111 Willermus
892 2037 965 2109 dux
983 2037 1134 2110 consilio
1151 2037 1267 2110 senio-
1367 2046 1369 2049 ’

196 2180 281 2226 rum
298 2154 423 2226 statuit
442 2155 538 2228 inter
555 2154 763 2227 dissidentes
781 2180 947 2253 proceres
965 2179 1048 2227 suos
1064 2178 1188 2252 pacem
1207 2152 1268 2226 fir-

197 2296 297 2344 mare
324 2286 360 2343 et
385 2269 504 2342 exules
534 2296 702 2345 revocare
725 2271 795 2368 (3).
826 2271 941 2369 lgitur
966 2271 1158 2368 optimates
1184 2294 1268 2344 suos

199 2385 395 2462 Rodulfum
411 2385 455 2459 de
469 2388 605 2460 Toenia
619 2402 656 2461 et
671 2388 862 2487 Hugonem
872 2386 917 2460 de
933 2385 1265 2475 Grentemaisnilio,

197 2528 292 2604 quos
305 2529 411 2602 supra
423 2502 580 2575 diximus
593 2528 675 2575 eum
687 2502 975 2592 exhaereditasse,
992 2519 1028 2578 et
1040 2520 1140 2578 extra
1152 2504 1269 2577 solum

200 2645 285 2693 cum
298 2620 369 2691 suis
382 2617 592 2693 satellitibus
606 2617 760 2716 fugasse,
775 2617 1098 2718 supplicationibus
1111 2621 1269 2695 Simonis

201 2733 246 2809 de
269 2733 483 2810 Monteforti
507 2735 562 2832 (4)
591 2749 628 2807 et
652 2732 864 2807 Waleranni
893 2735 937 2808 de
958 2736 1115 2809 Britolio
1147 2736 1270 2810 Belva-

203 2850 298 2924 censi
314 2849 392 2948 (5),
410 2850 635 2948 aliorumque
651 2863 845 2948 potentum
861 2851 1062 2925 amicorum
1078 2866 1114 2924 et
1134 2853 1272 2927 vicino-

201 2990 286 3039 rum
308 2964 480 3040 delinitus
498 2966 700 3052 revocavit,
719 2967 840 3067 eisque
860 2983 1025 3067 paternas
1047 2967 1272 3044 haereditates

201 3081 374 3157 restituit.
403 3083 582 3155 Ernaldus
603 3107 750 3183 quoque
773 3099 857 3182 post
881 3086 1096 3159 triennalem
1120 3111 1271 3158 werram

203 3200 333 3275 trevias
355 3228 375 3273 a
398 3200 489 3273 duce
514 3201 670 3299 accepit,
694 3217 732 3274 et
757 3202 797 3273 in
821 3201 988 3300 Apuliam
1011 3200 1054 3274 ad
1078 3203 1212 3276 amicos
1235 3219 1272 3276 et

239 3447 280 3518 (ι)
292 3443 426 3501 Adetarue
436 3444 471 3499 de
484 3445 602 3513 Frauce,
614 3442 669 3499 lille
681 3444 719 3499 du
733 3446 775 3500 roi
787 3443 905 3499 Robert.

239 3536 279 3606 (a)
293 3535 381 3590 Notre
390 3546 489 3590 auteur
500 3534 592 3590 oublie
609 3535 644 3590 ici
661 3534 785 3609 Agathe,
803 3533 900 3588 l’alnee
915 3533 964 3586 des
977 3531 1045 3587 lilles
1059 3531 1095 3586 de
1107 3531 1269 3588 Guillaume

207 3632 236 3677 et
255 3621 291 3677 de
315 3621 463 3689 Mathilde,
488 3622 557 3676 dont
577 3621 713 3678 l'histoire
730 3631 772 3675 est
785 3621 808 3674 si
831 3619 996 3686 touchaute,
1010 3619 1098 3693 etqui
1111 3619 1156 3674 sut
1169 3619 1272 3674 fiaucee

208 3711 459 3767 successivemeuth
470 3710 576 3766 Harold
585 3713 636 3766 eth
646 3711 796 3785 Alphouse,
806 3709 848 3764 roi
856 3707 891 3763 de
903 3709 987 3764 Leon.
999 3709 1034 3765 Sa
1047 3727 1122 3765 soeur
1130 3709 1223 3765 Cecile
1231 3720 1274 3764 est

208 3801 340 3877 indiquee
355 3818 462 3857 comme
472 3802 569 3857 l’aluee
581 3801 649 3857 dans
660 3801 687 3856 la
700 3802 794 3856 Gallia
806 3800 978 3870 Christiana,
990 3801 1059 3857 mais
1073 3819 1143 3857 nous
1155 3817 1274 3874 pensons

210 3909 263 3966 que
272 3891 337 3948 e’est
350 3910 407 3946 une
420 3909 525 3947 erreur.

245 3978 285 4053 (3)
293 3981 333 4037 Ce
345 3980 442 4054 rappel
451 3981 500 4036 des
510 3981 594 4036 exiles
606 3979 659 4035 dut
670 3981 746 4035 avoir
753 3979 810 4036 lieu
822 3999 857 4036 en
876 3978 951 4036 1065.

246 4071 286 4142 (1)
299 4069 598 4138 Montfort-l’hruauri,
610 4072 673 4144 pres
686 4071 800 4126 Mantes.

247 4159 286 4232 (5)
299 4161 420 4218 Bmteuil
433 4180 467 4218 en
481 4162 646 4217 Beauvoisis.
