2910 4980
191 373 233 431 96
471 368 655 430 HISTORIA
676 369 984 433 ECCLESIASTICA.
1057 376 1265 457 [lost-1063]

194 491 452 590 responsoriis,
467 488 630 588 perfecit.
647 489 740 561 Nam
755 488 799 562 ad
811 514 973 590 vesperas
986 516 1094 589 super
1110 494 1266 593 psalmos

194 622 353 705 quatuor
366 603 580 703 antiphonas
597 602 777 693 condidit,
797 621 834 678 et
852 605 889 677 in
909 606 1066 681 secundo
1080 627 1266 686 nocturno

195 738 267 797 tres
288 723 432 795 ultimas
453 722 600 820 adjecit,
619 737 789 822 quartum
811 723 919 795 etiam
939 726 1210 822 responsorium
1228 742 1266 802 et

195 857 362 912 octavum
381 856 417 914 et
440 838 713 928 duodecimum,
737 855 773 912 et
790 838 1025 938 antiphonam
1048 840 1092 913 ad
1109 844 1262 932 cantica,

196 972 232 1030 et
254 955 300 1029 ad
328 956 498 1030 secundas
520 982 681 1055 vesperas
715 952 759 1026 ad
789 956 971 1028 canticum
997 956 1042 1031 de
1066 959 1264 1058 Evangelio

193 1072 473 1171 pulcherrimam
512 1070 749 1171 antiphonam
781 1071 905 1145 edidit.
939 1075 1056 1172 lpsam
1088 1074 1264 1149 nimirum

196 1187 383 1263 historiam
401 1188 578 1262 Arnulfus
595 1203 722 1262 cantor
739 1189 986 1279 Carnotensis,
1007 1188 1170 1264 Fulberti
1190 1192 1264 1291 epi·

195 1308 293 1407 scopi
312 1307 525 1408 discipulus,
548 1304 745 1381 secundum
771 1331 876 1378 usum
903 1306 1117 1381 clericorum
1133 1322 1263 1409 rogatu

194 1424 368 1499 Radberti
389 1425 527 1498 abbatis
548 1427 623 1522 jam
650 1422 827 1511 ediderat,
848 1438 885 1498 et
906 1422 1047 1497 duobus
1068 1423 1262 1524 juvenibus

194 1541 380 1618 monachis
397 1541 561 1615 Huberto
582 1557 618 1614 et
633 1538 793 1613 Rodulfo
813 1566 833 1611 a
854 1538 1029 1637 praedicto
1049 1554 1151 1640 patre
1172 1540 1262 1613 Gan-

195 1675 325 1733 notnm
354 1659 469 1731 missis
508 1657 676 1755 primitus
708 1672 925 1729 cantaverat.
966 1657 1082 1731 Porro
1115 1656 1262 1730 Ratost-

194 1773 261 1847 dus
286 1774 413 1846 Calvus
436 1772 707 1872 responsorium
731 1771 775 1845 ad
800 1771 939 1845 laudem
965 1772 1138 1862 Domini,
1161 1772 1263 1874 quod

194 1889 238 1963 ad
264 1915 424 1990 vesperas
455 1890 612 1980 canitur,
639 1904 677 1961 et
711 1902 847 1987 septem
877 1889 1092 1990 antiphonas
1125 1888 1259 1980 edidit,

193 2032 277 2107 qnae
291 2007 329 2080 in
342 2004 573 2080 Uticensibus
585 2003 847 2103 antiphonariis
858 2007 1002 2105 scriptae
1017 2007 1260 2106 reperiuntur.

192 2123 357 2223 Hymnos
380 2148 526 2222 quoque
547 2120 668 2220 plures
686 2120 730 2194 de
751 2120 876 2195 eodem
897 2136 999 2220 patre
1020 2121 1196 2220 Rogerius
1215 2118 1261 2195 de

193 2239 331 2339 Sappo,
350 2238 482 2339 aliique
497 2237 646 2310 studiosi
663 2236 792 2309 fratres
809 2263 852 2311 ex
867 2237 1061 2311 devotione
1075 2238 1133 2336 pia
1146 2235 1262 2311 dieta·

192 2371 343 2448 rerunt,
364 2356 507 2454 suisque
524 2353 677 2453 posteris
694 2353 730 2425 in
746 2351 968 2426 bibliotheca
982 2354 1140 2427 Uticensi
1156 2379 1262 2429 oom-

193 2469 467 2544 mendaverunt.

241 2586 360 2658 Nimia
381 2581 621 2657 sollicitudine
639 2584 765 2656 anxius
782 2583 963 2658 Osbernus
984 2584 1090 2658 abbas
1109 2603 1261 2686 propter

192 2702 430 2804 apostolieum
455 2700 661 2790 anathema,
693 2703 749 2774 cni
779 2718 923 2777 coactus
950 2718 1028 2777 erat
1053 2702 1257 2803 subjacere,

192 2819 345 2895 consilio
360 2820 564 2917 sapientum
576 2816 738 2890 decrevit
753 2816 911 2918 legatum
927 2819 1078 2892 Romam
1094 2819 1258 2915 mittere,

193 2951 230 3011 et
245 2934 557 3036 apostolicaesedis
572 2933 861 3009 benedictionem
878 2933 1065 3010 humiliter
1077 2950 1257 3037 expetere.

192 3051 414 3127 Witmundo
437 3053 557 3153 itaque
583 3052 733 3149 sapienti
756 3050 936 3126 monacho
957 3051 1132 3151 supplices
1152 3054 1259 3152 jussit

192 3167 328 3242 litteras
343 3166 492 3256 dictare,
512 3182 547 3241 et
566 3165 749 3239 Bernardo
760 3168 883 3264 juveni
902 3183 1145 3267 cognomento
1158 3166 1257 3241 Mat-

192 3285 289 3360 thaeo
308 3283 422 3359 nobili
445 3284 649 3384 antiquario
671 3282 863 3385 diligenter
888 3286 1101 3384 scriptitare.
1122 3286 1258 3359 Textus

189 3420 311 3479 autem
327 3402 487 3503 epistolae
506 3401 708 3500 hujusmodi
725 3418 791 3476 est.

239 3522 400 3596 Domino
413 3519 617 3622 apostolico
631 3519 848 3593 Alexandro
861 3520 917 3618 (t)
928 3522 1012 3592 vice
1026 3518 1121 3591 beati
1136 3518 1254 3609 Petri,

191 3637 411 3713 totiusorbis
420 3636 1015 3740 patriercellentissimo,quidam
1028 3633 1259 3735 abbuslonge

185 3756 332 3857 positus
356 3757 500 3828 nomine
524 3753 704 3828 Osbemus
728 3754 884 3829 coenobii
900 3753 1030 3827 Sancti
1051 3751 1197 3853 Ebrulfi
1218 3754 1257 3825 in

190 3872 445 3947 Nomnannica
460 3875 618 3974 patria:
646 3872 799 3945 salutem
823 3898 967 3957 ueram,
998 3869 1255 3970 subjectionem

225 4124 431 4201 (alstannus
443 4127 472 4183 11
480 4126 491 4199 l
499 4123 534 4183 30
547 4126 704 4200 septembre
716 4124 830 4181 ποθι-αι
845 4121 912 4178 avril
926 4117 1016 4194 1073).
