2910 4980
191 476 251 538 408
465 476 650 537 HISTORIA
672 475 978 538 uectuslusrtcx.

193 595 350 670 tenebat.
369 596 469 668 Hanc
485 598 603 695 itaque
615 594 869 684 donationem,
890 623 1013 672 coram
1025 597 1256 696 optimatibus

192 714 263 785 suis
282 745 290 784 ε
310 713 494 787 Gnalterio
506 712 549 785 de
559 711 683 811 Aspris
695 726 732 785 et
741 709 906 786 Ebrardo
917 713 962 786 de
975 713 1065 787 Ruia
1079 715 1152 812 (1),
1168 715 1258 787 aliia·

193 858 263 932 que
277 829 509 931 quibusdam,
531 831 567 903 in
588 830 747 929 capitulo
764 829 870 919 fecit3
890 848 926 904 et
946 830 1029 904 inde
1043 829 1257 905 beneficium

193 946 368 1036 ecclesiae,
392 963 436 1018 ut
457 946 570 1019 frater
592 961 629 1018 et
646 944 839 1017 munificus
858 945 1020 1043 adjutor,
1042 947 1256 1046 promeruit.

194 1063 299 1134 Tunc
315 1061 508 1135 Mainerius
520 1058 646 1147 abbas,
660 1058 873 1135 liberalitate
893 1059 1067 1151 fratrum,
1087 1061 1258 1159 praedicto

193 1177 393 1255 marchioni
406 1181 463 1279 (a)
474 1204 520 1253 xv
529 1177 638 1252 libras
647 1177 878 1252 denariorum
887 1179 1035 1268 obtulit,
1046 1179 1139 1253 acad
1149 1206 1256 1266 aram,

193 1300 236 1372 ad
265 1297 551 1373 confirmandam
580 1297 787 1385 dationem,
822 1323 907 1371 cum
935 1296 1112 1372 Albereda
1144 1297 1258 1370 Gnid-

193 1415 320 1489 muudi
335 1416 392 1515 (ὅ)
406 1416 477 1489 filia
489 1417 548 1511 (ex
562 1417 661 1513 cujus
675 1415 897 1514 patrimonio
909 1419 1013 1514 erat),
1030 1415 1193 1489 adduxit.
1208 1414 1258 1488 llli

194 1548 311 1604 autem
338 1530 494 1604 libenter
519 1532 640 1603 omnia
664 1557 746 1631 quae
771 1530 956 1630 praelibata
982 1548 1088 1616 sunt,
1112 1533 1149 1604 in
1174 1558 1260 1605 oon·

195 1663 319 1747 spectu
339 1647 451 1719 totius
470 1660 669 1719 conventus
688 1662 959 1735 concesserunt,
976 1661 1014 1720 et
1029 1674 1138 1747 super
1154 1648 1260 1720 altare

131 1754 144 1779 '
195 1765 305 1836 sancti
320 1751 417 1837 Petri
432 1763 468 1835 in
483 1762 604 1835 charta
616 1762 686 1836 rite
700 1763 1017 1838 confirmaverunt.
1031 1763 1172 1838 Deinde
1185 1779 1262 1865 pont

196 1880 335 1978 aliquot
355 1894 494 1978 tempus
518 1878 689 1976 praefatus
713 1874 818 1955 heroa
840 1881 1021 1954 ecclesiam
1043 1880 1087 1953 de
1106 1881 1262 1956 Bonmo-

198 1997 280 2067 linis
301 1997 379 2093 (4),
406 2022 489 2067 cum
514 1994 650 2068 decima
677 2011 750 2068 tota
773 2013 932 2096 segetum
949 2012 985 2070 et
1005 1997 1206 2071 molendini
1225 2022 1262 2069 ac

196 2115 311 2202 furni,
326 2129 450 2187 sancto
464 2112 617 2187 Ebrulso
631 2113 747 2200 dedit3
764 2116 820 2187 cui
836 2115 1027 2188 Rainaldus
1038 2117 1172 2188 Parvus
1186 2116 1262 2216 (qui

199 2247 286 2303 tunc
316 2229 578 2303 monachorum
601 2235 700 2329 jussu
731 2258 785 2305 res
810 2258 937 2306 eorum
963 2231 1053 2306 inibi
1081 2231 1261 2329 servabat)

199 2373 274 2420 xxx
292 2347 424 2421 solidos
445 2348 628 2420 caritative
649 2347 815 2421 contulit.
1158 2426 1161 2431 q

245 2468 441 2564 Postquam
457 2462 632 2537 Albereda
649 2463 739 2536 duos
752 2466 884 2539 marito
902 2492 967 2538 suo
980 2466 1071 2539 filios
1088 2496 1097 2536 ε
1117 2463 1266 2538 Guillel·

198 2611 301 2656 mum
318 2598 354 2655 et
373 2580 600 2655 Rodbertum
618 2581 721 2654 enixa
739 2596 810 2669 est,
830 2609 929 2655 causa
948 2583 1265 2680 consanguinitatis

198 2699 395 2771 divortium
414 2699 509 2769 inter
522 2695 735 2794 praedictum
749 2697 868 2768 virum
880 2711 916 2769 et
929 2697 1118 2769 mulierem
1133 2694 1264 2768 factum

200 2812 1267 2914 est(5).Guillelmusautem,peractocorampontificedisci·

236 3093 274 3162 (ι)
291 3090 410 3146 Gautier
422 3089 539 3163 d‘Aprea
553 3091 645 3160 (entre
663 3089 962 3163 migraturorum),
978 3077 1082 3146 Errant
1096 3088 1133 3145 de
1145 3088 1209 3143 Rai.
1223 3088 1265 3142 Du

200 3182 291 3235 moins
300 3180 365 3235 c'eat
375 3179 444 3234 ainai
454 3197 509 3254 que
522 3196 592 3233 nous
605 3179 793 3252 iuterprdtons
803 3181 891 3248 Ruta,
906 3198 968 3235 rans
980 3190 1115 3254 pourtant
1127 3180 1189 3236 etre
1205 3178 1268 3234 bien
1292 3205 1305 3211 ·

200 3272 250 3326 nir
259 3272 294 3325 de
309 3269 333 3324 la
342 3270 459 3341 justesae
475 3269 510 3323 de
527 3288 558 3323 ce
572 3270 816 3343 rapproehemeut.
832 3271 880 3327 On
890 3282 988 3327 trouve
1000 3270 1068 3325 daus
1082 3270 1108 3326 le
1124 3270 1269 3325 cartulaire

200 3361 235 3416 de
248 3360 411 3416 saint-Pero
427 3360 561 3434 quelques
579 3361 716 3414 variantes
734 3359 769 3414 de
786 3360 872 3428 nuta,
888 3360 966 3416 telles
978 3379 1033 3434 que
1045 3361 1143 3433 Ruga,
1158 3360 1266 3433 Ilugr'a,

200 3453 268 3506 Rive
281 3449 360 3523 (qu’il
372 3448 493 3504 faudrait
505 3448 647 3521 peut-latre
658 3449 747 3503 ecrire
761 3449 857 3520 nure).

235 3542 275 3612 (a)
293 3544 413 3596 Lenem
431 3539 466 3593 de
482 3538 605 3594 marcbtb
623 3549 665 3593 est
683 3539 777 3593 donne
796 3539 830 3597 ici
849 3541 865 3592 t
882 3536 1043 3594 Guillaume
1059 3536 1129 3592 dane
1146 3555 1198 3592 son
1211 3553 1283 3592 aeus

200 3631 323 3706 primitis
330 3629 365 3684 de
379 3628 510 3702 seigneur
523 3628 558 3684 de
571 3629 684 3683 marche
696 3629 706 3699 (
712 3628 866 3699 fronticre).

235 3719 274 3792 (5)
292 3718 452 3777 Guitmond
469 3718 504 3774 de
516 3717 651 3786 Moulina,
666 3719 732 3791 pere
750 3717 898 3774 d‘Aubree.
919 3717 981 3773 Une
994 3718 1091 3773 charte
1109 3717 1146 3774 de
1164 3735 1198 3774 ce
1216 3718 1275 3772 aei-

202 3831 300 3886 quem,
314 3830 350 3866 en
361 3810 457 3865 sareur
465 3810 500 3865 de
513 3810 676 3865 saint-Pete
689 3809 725 3864 de
734 3810 880 3876 chartres,
895 3827 966 3864 nous
976 3808 1101 3883 apprend
1113 3809 1185 3885 qn’il
1200 3810 1268 3864 avait

201 3904 266 3956 huit
282 3901 333 3956 fils.
348 3901 372 3955 ll
389 3901 449 3955 saut
460 3899 544 3974 qu'ils
560 3901 650 3955 soient
660 3911 723 3955 tous
735 3911 823 3956 morta
833 3911 913 3955 avant
926 3900 979 3968 lui,
993 3901 1113 3975 pirisque
1131 3919 1163 3955 ce
1176 3891 1280 3955 foreat

202 4009 230 4045 aa
243 3991 297 4045 [ille
309 4001 337 4046 et
350 4006 400 4045 eon
414 3988 518 4063 gendre
530 3990 580 4062 qui
594 3989 749 4045 he'riterent
763 3989 798 4045 de
810 4007 852 4044 ees
863 3988 1014 4044 domaines.
1033 3989 1069 4045 Sa
1086 3988 1190 4044 lemme
1199 3989 1261 4060 εἰρ-

203 4079 287 4154 peluit
299 4082 405 4135 Ernma.

239 4169 278 4239 (4)
296 4166 486 4223 Bonmoulina.
501 4169 537 4224 Le
546 4169 698 4224 manuscrit
706 4168 742 4225 de
754 4155 962 4224 saint-Erroult
974 4175 1072 4239 porte:
1087 4165 1258 4222 Boumolr’ru'r·

237 4255 277 4327 (5)
294 4256 334 4311 Ce
345 4253 456 4309 divor-ce
470 4255 545 4310 n’eut
557 4274 606 4328 pat
623 4256 680 4312 lieu
694 4275 748 4329 peu
766 4256 801 4312 de
821 4267 911 4329 tenrpa
924 4256 1003 4328 apres
1021 4253 1046 4308 la
1068 4254 1208 4310 naissanae
1219 4250 1258 4308 det
