2926 4980
113 430 322 511 [toti-1060]
488 428 606 490 LIBER
626 428 805 490 TERTIUS.
1124 428 1193 492 141-

112 566 278 625 sanctum
292 573 423 648 corpus
440 548 644 623 insinuatur
653 556 668 637 ς’
677 575 753 649 quo
764 548 950 649 detegente
959 545 1097 621 abbatis
1113 548 1185 624 fra·

113 684 285 769 trumque
301 665 422 740 studio
449 665 659 740 solemniter
686 665 837 740 levatur.
856 663 992 739 Deinde
1014 664 1184 740 monachi

111 799 338 883 repertorem
349 781 584 882 reliquiorum
599 782 642 854 ad
655 781 911 855 monachatum
925 795 1181 880 susceperunt,

112 916 149 974 et
165 899 351 973 custodem
373 900 463 972 sacri
487 900 633 973 somatis
649 900 815 974 eumdem
836 901 1123 989 constituerunt,
1146 914 1184 975 et

111 1014 315 1090 oblationes
334 1014 495 1088 fidelium
521 1017 551 1088 ei
569 1016 842 1089 commiserunt.
865 1015 1045 1090 Defuncto
1063 1033 1185 1090 autem

111 1128 241 1204 abbate
258 1155 440 1203 successor
458 1133 533 1228 ejus
551 1155 627 1203 non
646 1147 688 1202 ut
702 1130 822 1203 decuit
841 1128 1016 1202 aedituum
1031 1131 1180 1221 dilexit,

111 1272 179 1322 nec
191 1263 232 1319 ut
241 1263 444 1321 antecessor
456 1251 530 1346 ejus
546 1273 629 1321 eum
640 1247 874 1320 amicabiliter
887 1249 1066 1320 tractavit.
1078 1249 1184 1323 Unde

108 1366 268 1466 graviter
290 1379 494 1439 commotus
510 1380 676 1437 sanctum
693 1389 824 1463 corpus
838 1378 952 1437 noctu
973 1367 1181 1464 assumpsit,

108 1506 302 1581 secumque
331 1481 369 1552 in
403 1478 556 1551 Galliam
584 1481 793 1580 asportavit.
829 1479 1038 1555 Goislredus
1063 1498 1184 1556 autem

108 1596 291 1672 Gomercii
306 1597 364 1695 (1)
380 1597 568 1695 municeps
585 1597 773 1685 eumdem,
793 1622 877 1670 cum
893 1595 1060 1671 thesauro
1075 1624 1185 1698 quem

107 1711 267 1807 ferebat,
287 1711 488 1788 honorifice
516 1712 694 1801 detinuit,
722 1727 759 1786 et
783 1713 1031 1812 magistratum
1055 1716 1183 1788 castel-

108 1830 204 1904 lanae
220 1831 413 1919 Ecclesiae,
432 1830 496 1903 ubi
513 1845 671 1931 quatuor
685 1845 788 1905 erant
803 1831 988 1917 canonici,
1007 1857 1119 1931 usque
1139 1832 1184 1906 ad

110 1961 270 2021 mortem
292 1948 324 2021 ei
352 1947 540 2020 concessit.
560 1949 647 2020 Post
662 1945 808 2048 aliquod
836 1961 978 2045 tempus
1007 1949 1185 2020 Henricus

109 2089 176 2137 rex
201 2063 445 2151 Francorum,
462 2064 552 2136 ortis
569 2062 785 2162 quibusdam
805 2061 987 2137 bellorum
1014 2064 1185 2135 tumulti-

110 2177 202 2273 bus,
220 2179 453 2254 Gomercium
470 2179 631 2269 obsedit,
650 2196 687 2254 et
706 2178 844 2253 viribus
861 2180 988 2252 Gallici
1007 2183 1183 2255 exercitus

112 2294 349 2371 Goislredum
377 2298 595 2398 expugnavit
621 2312 658 2371 et
683 2297 857 2397 oppidum
882 2297 1056 2370 incendit.
1088 2298 1185 2372 Dum

110 2439 201 2488 vero
214 2413 397 2488 basilicam
422 2432 459 2490 et
482 2415 586 2489 castri
605 2414 755 2487 aedificia
770 2412 858 2488 edax
885 2413 1029 2487 flamma
1058 2440 1186 2488 oonsu-

112 2546 250 2618 meret,
269 2547 306 2604 et
316 2530 487 2606 terribilis
503 2531 638 2605 clamor
656 2530 946 2631 impugnantium
959 2548 1185 2632 etexpugua·

111 2662 239 2723 torum
257 2651 319 2749 (ut
342 2650 380 2723 in
402 2647 533 2722 talibus
550 2650 664 2723 moris
684 2651 759 2748 est)
778 2648 938 2747 undique
954 2664 1182 2748 personaret,

110 2767 309 2841 canonicus
322 2768 469 2867 quidam
485 2794 562 2842 ossa
575 2768 688 2842 sancti
701 2764 829 2839 Judoci
847 2764 892 2839 de
905 2765 1043 2841 feretro
1062 2783 1185 2839 sustu-

111 2883 176 2975 lit,
195 2899 232 2957 et
246 2882 460 2958 festinanter
474 2883 519 2959 de
543 2884 712 2958 incendio
734 2883 886 2984 aufugit.
912 2885 1006 2957 Huic
1024 2885 1121 2959 forte
1133 2913 1184 2959 sa·

112 3001 215 3077 telles
232 3004 349 3103 regius
360 3030 467 3104 super
479 2996 631 3104 pontem
646 3003 824 3092 obviavit,
840 3003 1081 3076 suffasciatum
1095 3001 1185 3105 quid

111 3119 228 3194 semet
259 3120 512 3222 interrogavit,
541 3119 669 3194 latenti
698 3119 798 3221 quod
824 3145 920 3192 sacra
947 3121 1182 3211 vestimenta,

113 3235 326 3337 codicesque
342 3261 425 3310 suos
436 3250 595 3337 gereret,
615 3252 745 3309 cuncta
768 3236 948 3310 violenter
959 3234 1127 3324 abstulit,
1147 3252 1186 3309 et

113 3377 235 3427 secum
255 3352 299 3426 ad
318 3355 496 3427 Parnense
514 3353 741 3427 territorium
759 3350 961 3452 hujusmodi
980 3351 1186 3426 thesaurum

114 3467 259 3544 detulit.
274 3469 374 3544 Idem
389 3472 446 3543 vir
456 3469 662 3546 Rodbertus
679 3468 887 3557 vocabatur,
903 3484 939 3542 et
955 3466 1155 3542 Meslebren
1172 3499 1182 3540 :

116 3584 220 3660 idest
234 3586 388 3659 miscens
404 3585 586 3659 furfurem
604 3583 952 3687 cognominabatur:
972 3599 1118 3684 eratque
1141 3583 1186 3658 de

150 3833 191 3903 (ι)
207 3831 423 3889 Pmbcblement
434 3833 679 3900 Gomerlontaine,
694 3833 743 3906 qui
757 3833 857 3887 n’avait
866 3850 915 3906 pas
927 3850 1029 3888 encore
1041 3835 1086 3888 ete
1098 3843 1187 3888 trans·

116 3920 206 3976 forme
218 3938 254 3975 en
266 3920 379 3995 abbaye.
393 3923 433 3978 Ce
445 3941 480 3978 ne
492 3924 537 3978 lut
546 3923 629 3998 qu'en
642 3938 709 3996 1209
717 3939 772 3996 que
782 3922 898 3996 Hugues
907 3920 942 3976 de
952 3922 1186 3979 Chaumontcon·

118 4030 193 4067 sacra
205 4030 234 4067 sa
246 4013 352 4068 maisou
371 4013 407 4068 de
424 4013 683 4071 Gomerlontainea
701 4032 740 4067 un
757 4012 962 4068 etablisvement
974 4011 1010 4068 de
1026 4011 1186 4087 religieuses

119 4100 153 4156 de
161 4100 264 4158 l’ordre
273 4102 309 4158 de
316 4104 445 4160 Citeaux.
453 4104 530 4160 Nous
537 4123 573 4160 ne
581 4121 700 4178 pensons
708 4119 757 4178 pas
765 4121 820 4178 que
827 4102 945 4159 l’auteur
952 4104 991 4158 ait
1000 4103 1084 4159 voulu
1093 4103 1185 4178 parler

119 4189 154 4245 de
165 4191 456 4260 concute-chatet,
474 4193 708 4251 amoudissement
721 4193 756 4250 de
769 4192 966 4249 Rambouillet.
