2910 4980
191 374 398 453 [tots-1090]
555 370 671 432 LIBER
692 371 883 447 QUARTUS.
1197 376 1252 435 291

189 509 389 581 noverant,
408 519 531 593 pacem
549 493 651 581 iniit,
675 509 711 566 et
728 492 918 566 confestim
939 520 1013 567 non
1032 495 1107 567 sine
1126 520 1257 595 magno

190 640 315 690 rerum
333 614 467 686 damno
485 613 643 686 recessit.
659 613 830 685 Tentoria
848 629 886 684 et
901 614 1074 684 manticas
1095 639 1177 685 cum
1192 641 1258 686 va·

190 732 239 802 sis
254 747 293 803 et
309 731 417 801 armis
434 745 470 801 et
486 728 701 801 multimoda
716 729 926 826 supellectili
945 728 1108 802 celeriter
1124 729 1258 804 abeun-

191 863 244 919 tes
256 845 501 945 reliquerunt3
516 870 668 943 quarum
682 871 803 917 rerum
817 845 1042 944 dispendium
1059 846 1103 918 ad
1115 872 1164 920 xv
1176 848 1257 920 mil·

190 964 236 1036 lia
255 961 429 1035 librarum
447 963 686 1035 sterilensium
705 960 892 1060 perdentes
907 989 990 1034 cum
1008 964 1132 1036 multis
1148 966 1259 1063 gemi-

192 1075 290 1150 tibus
314 1076 582 1149 aestimarerunt
607 1078 679 1173 (r).
703 1076 841 1150 Deinde
864 1077 1021 1176 prudens
1045 1105 1128 1167 rex,
1158 1095 1199 1153 ut
1223 1106 1259 1154 se

191 1196 337 1267 vincere
354 1195 488 1267 virtute
513 1193 679 1266 Britones
705 1220 780 1268 non
806 1221 909 1293 posse
931 1197 1138 1295 prospexit,
1163 1198 1260 1270 aliud

193 1311 384 1385 consilium
416 1308 485 1382 sibi
513 1313 735 1411 posterisque
758 1313 829 1383 suis
856 1312 1086 1386 commodum
1110 1314 1261 1389 solerter

193 1427 453 1527 praecogitavit.
474 1427 567 1498 Cum
588 1427 730 1500 Alanno
746 1430 935 1527 Ferganno
953 1426 1074 1501 foedus
1093 1430 1260 1503 amicitiae

193 1543 371 1632 firmant,
385 1545 488 1644 eique
501 1544 748 1635 Constantiam
763 1544 874 1618 filiam
887 1573 987 1618 suam
1002 1547 1038 1618 in
1054 1549 1262 1647 conjugium

194 1662 342 1736 Gadomi
360 1658 560 1735 honorifice
577 1660 770 1760 copulavit.
789 1663 880 1756 Quae
900 1689 984 1735 cum
1005 1665 1084 1737 viro
1107 1691 1172 1739 suo
1188 1664 1263 1739 fere

195 1802 245 1851 xv
267 1778 372 1850 annis
389 1776 642 1851 venerabiliter
659 1778 772 1866 vixit,
797 1796 833 1851 et
850 1794 930 1852 toto
947 1781 1077 1852 affectu
1097 1778 1264 1879 subjectis

195 1910 231 1967 et
258 1891 501 1968 coessentibus
530 1893 696 1991 prodesse
723 1893 862 1967 studuit
890 1897 960 1994 (a).
991 1897 1139 1996 Semper
1165 1899 1263 1970 enim

195 2013 333 2086 nectari
361 2012 456 2110 pacis
485 2010 656 2097 inhiavit,
682 2037 856 2111 pauperes
884 2015 1037 2102 amavit,
1067 2040 1263 2114 omnesque

195 2128 267 2202 Dei
275 2126 433 2202 cultores
445 2142 659 2201 veneranter
672 2126 882 2217 honoravit,
897 2155 988 2229 quos
1000 2132 1174 2202 nimirum
1187 2133 1263 2205 sine

196 2244 318 2320 liberis
346 2245 505 2320 moriens
534 2246 773 2318 contristavit.
806 2248 992 2320 Amatores
1020 2249 1198 2349 aequitatis
1226 2252 1263 2322 in

196 2365 381 2437 Britannia
392 2363 549 2436 multum
560 2362 781 2450 exultarent,
800 2367 827 2436 si
840 2363 884 2438 de
895 2364 1078 2437 fortunata
1091 2368 1264 2467 progenie

197 2480 390 2556 laudabiles
401 2479 467 2553 sibi
483 2479 641 2553 haeredes
657 2481 894 2579 imperarent;
912 2483 973 2582 qui
990 2483 1143 2581 genuina
1158 2481 1264 2557 boni·

198 2615 271 2672 tate
286 2599 471 2673 indomitis
488 2597 698 2670 Britonibus
709 2599 860 2697 justitiae
877 2597 1005 2671 libram
1022 2600 1260 2687 insinuarent,

198 2742 329 2817 eosque
351 2718 549 2792 secundum
575 2741 742 2788 normam
766 2716 897 2789 divinae
925 2714 1011 2818 legis
1038 2733 1075 2789 et
1095 2715 1262 2789 humanae

199 2832 349 2905 rationis
369 2833 421 2904 ire
440 2846 623 2931 cogerent.
640 2832 847 2931 Fergannus
866 2857 1001 2921 comes,
1019 2848 1103 2933 post
1120 2833 1263 2907 obitum

231 3078 272 3148 (r)
289 3075 369 3132 Cette
380 3072 508 3128 ltebrose
519 3072 678 3146 expedition
692 3072 727 3127 de
739 3073 901 3129 Guillanme
913 3092 949 3129 en
960 3074 1096 3149 Bretagne
1106 3076 1264 3149 appartient

200 3165 332 3223 il’euude
348 3161 424 3238 1075,
437 3163 657 3219 conlormdment
667 3165 683 3217 b
695 3162 828 3236 l’opiuiou
837 3163 873 3220 de
883 3164 996 3220 Simeon
1007 3164 1042 3220 de
1053 3165 1179 3220 Durham
1189 3176 1217 3221 et
1228 3165 1264 3220 de

200 3255 294 3330 linger
304 3253 340 3309 de
355 3252 497 3310 Horeden.
515 3254 555 3309 Ge
568 3271 603 3308 ue
615 3253 658 3308 lut
670 3271 719 3326 pas
735 3253 889 3309 seulement
900 3253 1060 3327 l’approche
1072 3254 1182 3311 d’Alaiu
1195 3256 1263 3310 Fer·

200 3355 280 3419 gant,
292 3344 362 3399 mais
372 3359 473 3399 encore
485 3343 552 3399 celle
560 3342 600 3397 du
612 3344 655 3398 roi
666 3343 702 3399 de
711 3344 816 3399 Franco
824 3363 860 3399 eu
870 3362 1006 3417 personne
1017 3346 1067 3419 qui
1076 3344 1264 3418 l’engageteut

200 3433 349 3509 amndre
364 3432 612 3489 sibonteutement
630 3432 656 3486 la
672 3433 750 3489 luite.
767 3432 815 3490 On
827 3432 861 3488 lit
874 3433 943 3489 daus
958 3452 1014 3489 une
1028 3434 1124 3491 charte
1139 3433 1174 3488 de
1187 3435 1263 3489 llar-

201 3525 321 3580 moutier
340 3546 346 3577 2
367 3522 486 3578 Factum
498 3532 540 3577 est
559 3521 610 3578 boc
623 3526 652 3577 in
664 3542 739 3578 anno
756 3533 784 3577 et
801 3526 870 3595 ipsis
887 3523 987 3580 diebus
1003 3524 1117 3598 quando
1136 3525 1196 3579 ibat
1214 3544 1265 3580 rex

202 3611 331 3667 tmere
342 3609 491 3683 Philippus
501 3613 532 3664 in
543 3609 722 3665 Britanniam
734 3610 776 3665 ad
783 3610 970 3683 pugnandum
984 3630 1078 3684 regem
1091 3612 1264 3683 Anglorum,

200 3705 250 3775 ord
260 3700 301 3757 tta·
311 3698 458 3756 obsidebat
468 3700 571 3754 Dolum
582 3709 713 3755 castrum.

235 3792 275 3861 (a)
287 3789 364 3844 Nous
375 3807 411 3843 ne
420 3790 546 3844 saurious
558 3790 647 3844 croire
659 3808 715 3863 que
723 3809 755 3847 ce
767 3791 889 3862 mariage
902 3792 942 3845 ait
954 3808 989 3845 eu
1000 3790 1082 3846 liena
1094 3809 1150 3846 une
1159 3793 1267 3865 epoque

201 3877 445 3952 tretrapprccbee
462 3877 498 3932 de
515 3877 541 3932 la
561 3878 797 3935 malencontreuse
815 3879 974 3953 expedition
994 3891 1090 3936 contre
1105 3880 1132 3935 la
1149 3880 1213 3936 ville
1232 3881 1268 3937 de

201 3965 262 4021 llol.
277 3966 356 4021 Nous
369 3985 404 4021 ue
417 3984 540 4038 pourons
554 3984 602 4039 pas
613 3964 764 4040 branuge
777 3965 804 4020 la
816 3967 908 4040 placer
921 3987 985 4024 arec
998 3968 1064 4024 dom
1078 3969 1219 4025 Lobineau
1231 3987 1266 4024 en

205 4055 286 4122 1086,
301 4057 390 4111 annea
409 4055 532 4127 pendant
546 4053 664 4129 laquelle
677 4054 838 4111 Guillaume
855 4075 891 4111 ne
904 4060 993 4130 quitta
1010 4077 1058 4132 pas
1071 4058 1265 4132 l'rlngleterre.

204 4142 280 4197 Nous
292 4161 408 4215 croyons
423 4143 516 4198 devoir
532 4142 622 4215 plutbt
632 4143 656 4198 la
671 4154 795 4216 reportet
810 4163 868 4198 vers
886 4163 959 4219 1077.
