2910 4980
176 417 283 496 nour]
543 412 659 475 ursan
680 413 872 489 oulnrus.
1183 415 1243 474 173

176 553 212 611 et
224 559 446 635 cummagno
462 533 600 610 honore
609 535 705 607 inter
718 532 873 606 Threces
887 534 1015 604 Caesari
1027 549 1063 604 et
1075 532 1237 622 Senatui,

176 652 385 754 populoque
401 654 473 725 cari
496 676 607 752 usque
624 676 724 724 nunc
743 649 1012 750 perstiterunt(
1038 652 1067 747 )

223 767 451 842 Multimodis
466 767 762 841 Normannorum
771 763 1062 865 oppressionibus
1076 764 1183 863 Angli
1196 765 1239 836 ad

176 884 411 960 rebellionem
428 885 598 970 lacessiti,
626 882 814 956 Boloniam
838 882 971 981 legatos
990 883 1184 971 miserunt,
1203 898 1240 956 et

175 1001 370 1076 Eustochio
389 1002 536 1087 comiti,
556 1015 599 1073 ut
621 1025 703 1072 cum
724 1001 831 1073 classe
852 1000 1041 1099 diligenter
1063 997 1238 1072 militibus

175 1132 212 1191 et
227 1118 337 1190 armis
362 1118 535 1190 instructa
552 1116 596 1188 ad
613 1115 874 1215 suscipiendam
900 1118 1076 1190 Doveram
1099 1116 1236 1189 accele-

174 1247 288 1318 raret,
304 1233 579 1305 mandaverunt.
601 1232 697 1305 Olim
715 1258 798 1303 cum
815 1230 939 1305 eodem
962 1232 1164 1304 inimicitias
1184 1235 1238 1304 in·

174 1365 298 1450 gentes
327 1349 548 1436 habuerant3
577 1347 637 1422 sed
661 1374 760 1420 nunc
784 1349 889 1448 (quia
914 1347 1110 1421 simultates
1141 1349 1237 1422 inter

175 1466 279 1540 illum
297 1482 334 1540 et
347 1493 468 1565 regem
491 1467 778 1553 insurrexerant,
797 1491 951 1565 eumque
964 1463 1120 1537 bellandi
1141 1467 1236 1562 peri·

175 1596 310 1654 tumet
332 1582 370 1654 in
394 1582 522 1680 praelio
539 1580 680 1654 felicem
696 1580 949 1679 experimentis
971 1583 1234 1679 cognoverant)

174 1723 297 1796 pacem
328 1723 410 1771 cum
440 1697 503 1773 illo
535 1696 725 1782 fecerunt,
755 1713 792 1769 et
818 1697 1060 1769 munitionem
1083 1700 1235 1772 Doverae

175 1831 300 1890 contra
322 1840 442 1915 regem
460 1814 512 1886 illi
531 1813 670 1888 tradere
688 1817 806 1890 conati
824 1830 921 1887 sunt.
949 1814 1162 1888 Eustachius
1177 1843 1237 1887 au-

176 1949 247 2006 tem
272 1950 435 2031 suscepto
465 1933 678 2005 Cantiorum
700 1933 884 2005 veredario
908 1933 1051 2005 classem
1077 1948 1236 2031 paratam

176 2050 347 2138 ascendit,
367 2050 555 2150 noctisque
573 2049 770 2123 conticinio
787 2054 847 2145 (ut
864 2047 1037 2148 oppidum
1055 2075 1099 2121 ex
1116 2049 1237 2146 inspe-

175 2182 253 2241 rato
281 2169 578 2265 praeoccuparet)
609 2192 691 2238 cum
722 2165 793 2238 suis
824 2164 1036 2238 festinanter
1068 2165 1236 2238 transfre-

175 2283 276 2355 urit.
300 2282 433 2354 Milites
449 2282 582 2354 multos
600 2309 720 2356 secum
736 2282 860 2372 duxit,
878 2283 938 2356 sed
964 2308 1076 2382 equos
1101 2299 1236 2382 praeter

174 2397 365 2472 admodum
383 2424 513 2496 paucos
529 2399 689 2500 reliquit.
701 2399 841 2474 Vicinia
857 2401 976 2474 omnis
993 2399 1063 2472 luit
1081 2417 1233 2487 ammata,

174 2531 208 2589 et
227 2517 383 2588 maxime
399 2516 612 2588 Cantiorum
630 2533 787 2604 caterva,
808 2544 889 2617 quae
906 2533 986 2590 toto
1004 2518 1086 2589 nisu
1102 2518 1234 2590 suflra-

173 2631 246 2731 gari
258 2629 451 2705 Eustaclrio
469 2648 545 2703 erat
558 2650 698 2705 conata.
714 2634 850 2707 Praesul
867 2633 1066 2734 Bajocensis
1080 2651 1116 2708 et
1129 2638 1234 2735 Ilugo

173 2745 217 2821 de
231 2745 465 2834 Monteforti,
486 2748 547 2846 qui
569 2749 676 2846 primi
694 2750 911 2821 munitionis
929 2749 1092 2823 custodes
1109 2766 1232 2834 erant,

174 2862 268 2935 ultra
290 2861 425 2934 flumen
444 2865 624 2936 Tamesim
640 2863 822 2954 abierant,
844 2881 881 2939 et
903 2871 1077 2967 majorem
1095 2884 1234 2967 partem

206 3214 246 3286 (1)
265 3213 289 3269 ll
303 3215 349 3285 n'y
366 3233 381 3267 a
399 3215 459 3269 rien
473 3214 508 3268 de
520 3213 582 3286 plus
596 3214 780 3287 authentique
792 3232 846 3287 que
859 3213 1014 3291 l’cxistence
1026 3215 1093 3270 d’un
1106 3234 1187 3288 corps
1201 3217 1236 3270 de

173 3299 276 3356 Baucis
287 3311 317 3355 et
327 3300 485 3373 d'Anglais‚
501 3302 599 3355 faisant
612 3303 700 3374 partio
713 3301 748 3356 de
767 3302 792 3355 la
807 3302 891 3375 garde
907 3302 956 3356 des
971 3321 1131 3374 empereurs
1149 3323 1234 3376 giers.

173 3389 389 3446 Villehardouin
401 3408 434 3442 en
448 3390 548 3461 parles
560 3389 679 3444 diverses
691 3391 822 3463 reprises‚
837 3401 865 3445 et
878 3391 970 3462 ajoute
979 3391 1061 3463 qu’ils
1074 3393 1177 3446 etaient
1190 3410 1236 3445 ar-

172 3481 230 3534 mes
242 3477 278 3534 de
291 3479 404 3532 haches.
419 3479 459 3534 Ce
471 3482 608 3534 caractere
619 3498 653 3534 ne
667 3491 775 3554 permet
788 3499 836 3553 pas
848 3480 883 3534 de
892 3480 993 3535 douter
1004 3480 1039 3535 de
1050 3480 1109 3536 leur
1119 3481 1237 3536 identite

173 3587 235 3623 avec
247 3568 274 3624 le
287 3586 367 3640 corps
377 3568 473 3641 appele
483 3589 532 3641 par
543 3570 581 3624 les
592 3571 741 3624 historiens
755 3588 832 3642 grecs
845 3572 1006 3641 Vareugues
1020 3589 1057 3626 ou
1068 3573 1235 3647 Barengues.

174 3657 221 3714 On
235 3657 297 3712 doit
309 3677 469 3731 remarquer
477 3659 614 3713 d'ailleurs
625 3677 680 3732 quc
694 3659 719 3712 le
732 3670 791 3713 mot
802 3660 838 3713 de
850 3660 998 3732 Varengue
1010 3661 1155 3735 (Waringz
1170 3664 1236 3716 Bel-

175 3748 251 3814 lans,
267 3746 404 3817 Bellator)
417 3749 574 3819 appartient
591 3766 643 3801 aur
654 3746 768 3819 langues
780 3747 819 3801 du
833 3747 917 3812 nord,
933 3759 962 3803 et
980 3749 1048 3822 qu’il
1064 3767 1092 3804 se
1109 3761 1236 3806 retrouve

174 3852 210 3890 eu
222 3835 394 3890 Normandie
404 3837 458 3890 soit
472 3854 578 3890 commo
592 3854 656 3890 nom
671 3836 706 3892 de
721 3837 836 3933 lamille)
857 3839 910 3893 soit
926 3857 1033 3894 comme
1045 3851 1157 3895 entrant
1169 3840 1237 3895 dans

174 3925 395 3999 lacomposition
409 3928 443 3981 de
456 3927 593 4000 plusieurs
606 3946 686 3982 noms
706 3928 740 3983 de
752 3928 809 3983 lieu
824 3953 829 3982 :
847 3930 1054 4002 Varengeville,
1072 3933 1236 4004 Varengue-

177 4016 233 4071 bec.
252 4017 292 4072 Ce
305 4034 386 4089 corps
396 4017 431 4071 de
442 4018 604 4091 Vas-engues
615 4020 749 4074 existaita
764 4021 992 4094 Constantinople
1004 4021 1052 4076 des
1066 4021 1091 4076 le
1104 4025 1189 4094 regne
1202 4025 1237 4078 de

176 4106 539 4180 Michel·le·Paplrlagonien
552 4110 561 4178 (
568 4107 743 4180 ¹⁰3d·¹⁰l¹)‚
759 4121 788 4165 et
799 4130 849 4183 par
858 4115 1028 4185 consequent
1037 4115 1051 4164 l
1061 4131 1116 4167 une
1129 4115 1238 4187 epoque

178 4193 239 4251 bien
260 4199 417 4251 anterieure
434 4202 449 4252 t
464 4198 530 4252 celle
546 4200 584 4253 ou
601 4210 683 4255 notre
695 4209 794 4255 auteur
810 4221 828 4272 y
845 4202 896 4256 fait
908 4202 1011 4256 arriver
1029 4201 1067 4255 les
1081 4203 1194 4277 Anglais
1209 4214 1238 4258 ct
