2910 4980
194 442 255 505 tte
469 441 653 511 HISTORIA
675 443 980 511 EcaLEsltsttcA.

193 589 290 639 acor
301 562 550 665 mea,filiiqae
561 567 653 641 mei:
669 565 859 646 Ansoldas
876 583 909 647 et
925 564 1139 649 Tedbaidra
1152 583 1263 667 atque

196 677 1264 783 Gniilebmateonoessernnt5etbanceleemosynamqaam·
1306 700 1309 703 ·

192 794 260 869 dia
272 797 450 886 vicerint,
467 796 681 897 defensator
692 824 731 876 se
745 814 872 873 contra
885 801 1046 879 omnium
1058 794 1262 898 infestatio·

193 940 256 993 nes
273 938 469 1017 proposse
488 941 575 1005 sao,
589 916 656 1017 pie
673 917 904 1017 promittant.
925 915 1099 996 nonno
1117 942 1262 1016 quoqne

193 1032 287 1120 mei,
316 1047 354 1106 at
380 1030 513 1109 bonam
538 1059 627 1132 erga
651 1058 769 1110 servos
793 1033 868 1111 Dei
892 1030 1117 1114 volantatem
1141 1057 1262 1115 meam

192 1150 381 1240 ciderunt,
395 1148 535 1229 salubri
546 1150 713 1250 exemplo
730 1141 902 1242 lacessiti,
923 1149 1262 1250 nwnaebornmfa·

193 1263 400 1343 miliaritati
422 1290 500 1339 sese
526 1269 803 1353 commiserant,
834 1267 957 1366 eisque
983 1265 1030 1340 de
1057 1265 1161 1338 robae
1187 1270 1262 1343 tais

189 1399 382 1482 gratanter
400 1381 529 1482 largiti
542 1399 638 1461 sant,
658 1383 791 1462 Cuncti
805 1407 934 1484 nempe
949 1381 1078 1464 milites
1092 1381 1140 1455 de
1155 1383 1263 1465 Man·

194 1498 247 1575 iia
259 1501 299 1573 in
311 1501 437 1577 vitaet
449 1516 559 1574 morte
571 1500 910 1578 societatemaoram
922 1498 1260 1600 obnicepetierant,

194 1632 229 1695 et
229 1612 371 1712 fratres
384 1641 528 1704 eoram,
545 1633 583 1691 at
596 1616 798 1695 monachili
802 1643 915 1718 prece
926 1616 1134 1697 damonum
1148 1640 1262 1691 caneo

180 1732 324 1833 jonias
341 1736 504 1814 resistere
520 1733 1109 1834 valeant,fidelinr·e1fectisant.

164 1917 171 1932 .
244 1851 288 1928 H
286 1875 357 1948 ugo
373 1851 496 1950 itaque
500 1849 611 1951 filins
627 1850 768 1927 Odonis
772 1908 786 1942 ,
803 1853 869 1951 qai
883 1851 1020 1928 divitiis
1034 1867 1068 1923 et
1080 1849 1264 1953 probitate

118 1990 120 1993 ·
194 1967 457 2047 contribulibus
480 1971 558 2048 sais
585 1967 784 2060 eminebat,
811 1967 975 2045 ecclesia
997 1966 1039 2050 S.
1066 1967 1204 2041 Maria
1231 1982 1264 2045 et

194 2084 385 2163 monacbis
403 2084 445 2161 S.
469 2085 616 2188 Ebrnlfi
635 2087 738 2160 dedit
761 2101 874 2159 totam
895 2084 1077 2159 decimam
1098 2081 1146 2157 de
1168 2098 1264 2162 terra

194 2228 279 2293 tna,
299 2228 408 2300 qnam
424 2202 582 2280 Manlia
591 2202 749 2279 babebat
764 2230 774 2274 .·
792 2200 965 2277 videlicet
978 2200 1025 2278 de
1039 2225 1204 2289 annona
1218 2198 1264 2273 de

194 2320 298 2409 vino,
317 2318 365 2396 de
384 2319 608 2409 molendino,
628 2316 815 2415 desumo,
835 2318 882 2391 de
891 2320 1038 2419 porcis,
1054 2315 1101 2389 de
1117 2313 1261 2403 oribus,

194 2435 243 2509 de
259 2435 366 2526 lana,
382 2435 428 2510 de
444 2436 647 2528 anseribus,
662 2436 710 2509 de
724 2433 904 2524 cannabo,
921 2433 968 2510 de
981 2433 1058 2510 lino
1075 2449 1109 2512 et
1124 2433 1173 2504 de
1187 2458 1264 2506 om·

195 2551 303 2627 nibus
316 2551 508 2651 dequibus
522 2552 802 2630 deeimadatar.
818 2552 870 2629 Et
882 2548 1020 2649 siforte
1031 2549 1195 2630 bominac
1207 2550 1266 2622 sai

196 2669 314 2743 aliam
331 2686 462 2746 terram
477 2669 739 2759 laboraverint,
758 2671 814 2743 sic
830 2669 979 2744 omnino
996 2666 1180 2741 decimam
1195 2665 1265 2738 ba-

198 2786 306 2866 beant
318 2787 510 2880 monacin',
525 2791 710 2889 sicutipse
727 2788 769 2866 H
768 2813 839 2886 ago
854 2785 1011 2864 baberet·
1028 2784 1124 2864 Hac
1134 2785 1267 2882 Paga-

197 2929 267 2980 nns
295 2903 395 2994 Odo,
416 2902 520 3002 filias
545 2905 640 3002 ejas,
659 2904 781 3003 primo
805 2900 1002 2977 concedere
1032 2899 1174 2986 nolait;
1201 2896 1269 2972 sed

191 3035 343 3120 postea,
365 3035 496 3119 captas
508 3046 546 3110 ‚a
573 3018 799 3092 Normannis
818 3017 924 3119 apud
938 3015 1170 3103 Mellentam,
1189 3039 1267 3087 sese

197 3136 360 3209 redemit.
387 3137 572 3209 Divinitas
591 3139 705 3235 igitur
721 3153 871 3209 coactns
895 3137 992 3236 ipse,
1021 3148 1055 3204 et
1070 3127 1266 3204 Elizabetb

199 3282 296 3327 naor
311 3255 410 3353 ejas,
423 3253 574 3353 filiique
592 3279 714 3326 eornm
733 3254 847 3350 Hngo
867 3266 901 3322 et
922 3249 1050 3322 Simon
1073 3247 1267 3349 supradic-

200 3389 275 3444 tam
299 3371 481 3445 decimam
503 3375 649 3445 omnino
671 3385 811 3443 sancta
835 3369 972 3441 Marto
997 3380 1266 3453 concesserant,

199 3505 233 3563 et
247 3486 481 3561 donationem
495 3512 605 3587 snper
619 3486 737 3567 altare
751 3511 876 3558 coram
891 3499 994 3561 mea
1008 3477 1269 3572 Amotdosttto

200 3631 295 3693 meo,
317 3613 491 3703 Petroqae
501 3630 639 3705 puero,
656 3603 811 3703 aliisque
823 3600 946 3674 maltis
957 3612 1172 3701 posuerant.
1193 3603 1269 3666 Mo·

201 3720 314 3792 nacbi
334 3747 418 3793 vero
442 3721 618 3797 dederant
642 3724 797 3819 Pagano
823 3744 847 3791 x
874 3717 986 3790 libras
1013 3716 1268 3801 denariorum,

202 3854 235 3909 et
255 3841 370 3911 uxori
386 3839 465 3938 ejas
484 3864 532 3910 xx
549 3839 702 3912 solidos.
726 3837 941 3915 Adebebmtts
960 3859 1103 3936 qnoque
1121 3819 1167 3911 de
1189 3831 1271 3904 Ga·

203 3979 310 4024 seran
326 3957 377 4050 (ι)
402 3956 632 4027 Amalricnm
651 3956 774 4054 filiam
797 3980 923 4042 snam,
953 3979 1036 4025 cnm
1060 3950 1204 4022 decima
1227 3945 1272 4019 dt

242 4228 250 4290 (
258 4227 279 4292 t)
299 4224 436 4293 Gascran,
451 4229 512 4299 pris
527 4215 665 4299 Epernon.
