<?xml version="1.0" encoding="UTF-8"?>
<!DOCTYPE html PUBLIC "-//W3C//DTD XHTML 1.0 Transitional//EN"
    "http://www.w3.org/TR/xhtml1/DTD/xhtml1-transitional.dtd">
<html xmlns="http://www.w3.org/1999/xhtml" xml:lang="en" lang="en">
 <head>
  <title>
</title>
<meta http-equiv="Content-Type" content="text/html;charset=utf-8" />
  <meta name='ocr-system' content='tesseract 3.04.00' />
  <meta name='ocr-capabilities' content='ocr_page ocr_carea ocr_par ocr_line ocrx_word'/>
</head>
<body>
  <div class='ocr_page' id='page_1' title='image "./ordericivitalis01deligoog/ordericivitalis01deligoog_0306.png"; bbox 0 0 2910 4980; ppageno 0'>
   <div class='ocr_carea' id='block_1_1' title="bbox 189 468 1260 548">
    <p class='ocr_par' dir='ltr' id='par_1_1' title="bbox 189 468 1260 548">
     <span class='ocr_line' id='line_1_1' title="bbox 189 468 1260 548; baseline 0.003 -18"><span class='ocrx_word' id='word_1_1' title='bbox 189 471 393 548; x_wconf 63' lang='grc'><strong>[10784106]</strong></span> <span class='ocrx_word' id='word_1_2' title='bbox 559 468 674 528; x_wconf 73' lang='grc' dir='ltr'><strong>ΗΒΕΗ</strong></span> <span class='ocrx_word' id='word_1_3' title='bbox 696 469 889 542; x_wconf 78' lang='lat' dir='ltr'><strong>QUARTUS.</strong></span> <span class='ocrx_word' id='word_1_4' title='bbox 1199 475 1260 533; x_wconf 70' lang='lat'><strong>293</strong></span> 
     </span>
    </p>
   </div>
   <div class='ocr_carea' id='block_1_2' title="bbox 188 584 1265 2971">
    <p class='ocr_par' dir='ltr' id='par_1_2' title="bbox 188 584 1265 2971">
     <span class='ocr_line' id='line_1_2' title="bbox 190 584 1259 687; baseline -0.001 -27"><span class='ocrx_word' id='word_1_5' title='bbox 190 603 300 679; x_wconf 88' lang='lat' dir='ltr'><strong>suut,</strong></span> <span class='ocrx_word' id='word_1_6' title='bbox 321 587 458 687; x_wconf 84' lang='lat' dir='ltr'><strong>positus</strong></span> <span class='ocrx_word' id='word_1_7' title='bbox 479 600 543 658; x_wconf 91' lang='lat' dir='ltr'><strong>est.</strong></span> <span class='ocrx_word' id='word_1_8' title='bbox 566 584 758 658; x_wconf 87' lang='lat' dir='ltr'><strong>Ordinatus</strong></span> <span class='ocrx_word' id='word_1_9' title='bbox 775 601 914 671; x_wconf 85' lang='lat' dir='ltr'><strong>autern,</strong></span> <span class='ocrx_word' id='word_1_10' title='bbox 936 587 1167 686; x_wconf 85' lang='lat' dir='ltr'><strong>Divensis(1)</strong></span> <span class='ocrx_word' id='word_1_11' title='bbox 1190 589 1259 659; x_wconf 79' lang='lat' dir='ltr'><strong>ab·</strong></span> 
     </span>
     <span class='ocr_line' id='line_1_3' title="bbox 190 698 1260 802; baseline 0.003 -27"><span class='ocrx_word' id='word_1_12' title='bbox 190 703 299 784; x_wconf 81' lang='lat' dir='ltr'><strong>batiae</strong></span> <span class='ocrx_word' id='word_1_13' title='bbox 317 704 449 802; x_wconf 90' lang='lat' dir='ltr'><strong>(quam</strong></span> <span class='ocrx_word' id='word_1_14' title='bbox 465 698 664 775; x_wconf 82' lang='lat' dir='ltr'><strong>Lezscelina</strong></span> <span class='ocrx_word' id='word_1_15' title='bbox 681 702 859 775; x_wconf 86' lang='lat' dir='ltr'><strong>comitissa</strong></span> <span class='ocrx_word' id='word_1_16' title='bbox 883 702 1066 776; x_wconf 91' lang='lat' dir='ltr'><strong>Guillelmi</strong></span> <span class='ocrx_word' id='word_1_17' title='bbox 1089 704 1260 778; x_wconf 73' lang='lat' dir='ltr'><strong>burensis</strong></span> 
     </span>
     <span class='ocr_line' id='line_1_4' title="bbox 191 821 1261 921; baseline 0.002 -28"><span class='ocrx_word' id='word_1_18' title='bbox 191 821 336 913; x_wconf 86' lang='lat' dir='ltr'><strong>comitis</strong></span> <span class='ocrx_word' id='word_1_19' title='bbox 352 826 446 893; x_wconf 84' lang='lat' dir='ltr'><strong>ux&#39;or</strong></span> <span class='ocrx_word' id='word_1_20' title='bbox 463 821 732 916; x_wconf 83' lang='lat' dir='ltr'><strong>construxerat)</strong></span> <span class='ocrx_word' id='word_1_21' title='bbox 750 844 874 891; x_wconf 89' lang='lat' dir='ltr'><strong>euram</strong></span> <span class='ocrx_word' id='word_1_22' title='bbox 891 821 1068 920; x_wconf 81' lang='lat' dir='ltr'><strong>suscepit,</strong></span> <span class='ocrx_word' id='word_1_23' title='bbox 1086 822 1261 921; x_wconf 90' lang='lat' dir='ltr'><strong>annisque</strong></span> 
     </span>
     <span class='ocr_line' id='line_1_5' title="bbox 192 932 1263 1035; baseline 0.002 -27"><span class='ocrx_word' id='word_1_24' title='bbox 192 960 283 1008; x_wconf 79' lang='lat' dir='ltr'><strong>rtxxr</strong></span> <span class='ocrx_word' id='word_1_25' title='bbox 295 932 386 1008; x_wconf 90' lang='lat' dir='ltr'><strong>bene</strong></span> <span class='ocrx_word' id='word_1_26' title='bbox 397 935 519 1007; x_wconf 72' lang='lat' dir='ltr'><strong>vivens</strong></span> <span class='ocrx_word' id='word_1_27' title='bbox 530 950 566 1006; x_wconf 91' lang='lat' dir='ltr'><strong>et</strong></span> <span class='ocrx_word' id='word_1_28' title='bbox 574 932 706 1007; x_wconf 87' lang='lat' dir='ltr'><strong>docens</strong></span> <span class='ocrx_word' id='word_1_29' title='bbox 718 933 856 1007; x_wconf 81' lang='lat' dir='ltr'><strong>utiliter</strong></span> <span class='ocrx_word' id='word_1_30' title='bbox 868 936 1003 1024; x_wconf 87' lang='lat' dir='ltr'><strong>tenuit;</strong></span> <span class='ocrx_word' id='word_1_31' title='bbox 1017 951 1053 1009; x_wconf 91' lang='lat' dir='ltr'><strong>et</strong></span> <span class='ocrx_word' id='word_1_32' title='bbox 1066 963 1173 1011; x_wconf 84' lang='lat' dir='ltr'><strong>senex</strong></span> <span class='ocrx_word' id='word_1_33' title='bbox 1185 937 1263 1035; x_wconf 92' lang='lat' dir='ltr'><strong>ple-</strong></span> 
     </span>
     <span class='ocr_line' id='line_1_6' title="bbox 193 1048 1261 1151; baseline 0.002 -27"><span class='ocrx_word' id='word_1_34' title='bbox 193 1076 333 1149; x_wconf 88' lang='lat' dir='ltr'><strong>nusque</strong></span> <span class='ocrx_word' id='word_1_35' title='bbox 349 1048 491 1122; x_wconf 91' lang='lat' dir='ltr'><strong>dierum</strong></span> <span class='ocrx_word' id='word_1_36' title='bbox 507 1075 652 1122; x_wconf 88' lang='lat' dir='ltr'><strong>cursum</strong></span> <span class='ocrx_word' id='word_1_37' title='bbox 669 1051 854 1149; x_wconf 77' lang='lat' dir='ltr'><strong>praesentis</strong></span> <span class='ocrx_word' id='word_1_38' title='bbox 867 1052 953 1124; x_wconf 83' lang='lat' dir='ltr'><strong>vitae</strong></span> <span class='ocrx_word' id='word_1_39' title='bbox 970 1052 1177 1151; x_wconf 82' lang='lat' dir='ltr'><strong>complevit.</strong></span> <span class='ocrx_word' id='word_1_40' title='bbox 1191 1053 1261 1128; x_wconf 87' lang='lat' dir='ltr'><strong>Ve-</strong></span> 
     </span>
     <span class='ocr_line' id='line_1_7' title="bbox 194 1165 1261 1267; baseline 0.003 -29"><span class='ocrx_word' id='word_1_41' title='bbox 194 1165 363 1240; x_wconf 86' lang='lat' dir='ltr'><strong>nerabilis</strong></span> <span class='ocrx_word' id='word_1_42' title='bbox 380 1165 569 1238; x_wconf 87' lang='lat' dir='ltr'><strong>Durandus</strong></span> <span class='ocrx_word' id='word_1_43' title='bbox 583 1167 820 1238; x_wconf 86' lang='lat' dir='ltr'><strong>Troarnensis</strong></span> <span class='ocrx_word' id='word_1_44' title='bbox 838 1165 946 1238; x_wconf 84' lang='lat' dir='ltr'><strong>abbas</strong></span> <span class='ocrx_word' id='word_1_45' title='bbox 972 1193 1102 1267; x_wconf 90' lang='lat' dir='ltr'><strong>eorpus</strong></span> <span class='ocrx_word' id='word_1_46' title='bbox 1126 1172 1200 1267; x_wconf 90' lang='lat' dir='ltr'><strong>ejus</strong></span> <span class='ocrx_word' id='word_1_47' title='bbox 1224 1170 1261 1241; x_wconf 91' lang='lat' dir='ltr'><strong>in</strong></span> 
     </span>
     <span class='ocr_line' id='line_1_8' title="bbox 193 1283 1260 1381; baseline 0.001 -24"><span class='ocrx_word' id='word_1_48' title='bbox 193 1284 336 1357; x_wconf 82' lang='lat' dir='ltr'><strong>basilica</strong></span> <span class='ocrx_word' id='word_1_49' title='bbox 357 1283 394 1354; x_wconf 91' lang='lat' dir='ltr'><strong>S.</strong></span> <span class='ocrx_word' id='word_1_50' title='bbox 414 1283 541 1357; x_wconf 84' lang='lat' dir='ltr'><strong>Marioe</strong></span> <span class='ocrx_word' id='word_1_51' title='bbox 564 1283 745 1381; x_wconf 81' lang='lat' dir='ltr'><strong>sepelivit,</strong></span> <span class='ocrx_word' id='word_1_52' title='bbox 773 1298 810 1355; x_wconf 90' lang='lat' dir='ltr'><strong>et</strong></span> <span class='ocrx_word' id='word_1_53' title='bbox 834 1283 1070 1358; x_wconf 82' lang='lat' dir='ltr'><strong>memorabile</strong></span> <span class='ocrx_word' id='word_1_54' title='bbox 1091 1312 1260 1374; x_wconf 85' lang='lat' dir='ltr'><strong>carmen,</strong></span> 
     </span>
     <span class='ocr_line' id='line_1_9' title="bbox 190 1399 1260 1501; baseline -0.001 -29"><span class='ocrx_word' id='word_1_55' title='bbox 190 1399 292 1501; x_wconf 87' lang='lat' dir='ltr'><strong>qnod</strong></span> <span class='ocrx_word' id='word_1_56' title='bbox 309 1426 415 1499; x_wconf 86' lang='lat' dir='ltr'><strong>super</strong></span> <span class='ocrx_word' id='word_1_57' title='bbox 428 1399 597 1471; x_wconf 86' lang='lat' dir='ltr'><strong>laminam</strong></span> <span class='ocrx_word' id='word_1_58' title='bbox 611 1399 779 1472; x_wconf 80' lang='lat' dir='ltr'><strong>mausolei</strong></span> <span class='ocrx_word' id='word_1_59' title='bbox 799 1400 874 1497; x_wconf 87' lang='lat' dir='ltr'><strong>ejus</strong></span> <span class='ocrx_word' id='word_1_60' title='bbox 890 1401 1114 1499; x_wconf 80' lang='lat' dir='ltr'><strong>sculperetur</strong></span> <span class='ocrx_word' id='word_1_61' title='bbox 1131 1401 1260 1487; x_wconf 84' lang='lat' dir='ltr'><strong>edidit,</strong></span> 
     </span>
     <span class='ocr_line' id='line_1_10' title="bbox 194 1517 1265 1618; baseline -0.004 -27"><span class='ocrx_word' id='word_1_62' title='bbox 194 1520 232 1591; x_wconf 93' lang='lat' dir='ltr'><strong>in</strong></span> <span class='ocrx_word' id='word_1_63' title='bbox 258 1543 333 1618; x_wconf 89' lang='lat' dir='ltr'><strong>quo</strong></span> <span class='ocrx_word' id='word_1_64' title='bbox 359 1543 477 1590; x_wconf 88' lang='lat' dir='ltr'><strong>mores</strong></span> <span class='ocrx_word' id='word_1_65' title='bbox 503 1533 539 1589; x_wconf 91' lang='lat' dir='ltr'><strong>et</strong></span> <span class='ocrx_word' id='word_1_66' title='bbox 567 1517 718 1588; x_wconf 87' lang='lat' dir='ltr'><strong>virtutes</strong></span> <span class='ocrx_word' id='word_1_67' title='bbox 745 1517 885 1614; x_wconf 84' lang='lat' dir='ltr'><strong>praelati</strong></span> <span class='ocrx_word' id='word_1_68' title='bbox 912 1517 1201 1591; x_wconf 82' lang='lat' dir='ltr'><strong>archimandritae</strong></span> <span class='ocrx_word' id='word_1_69' title='bbox 1228 1533 1265 1591; x_wconf 91' lang='lat' dir='ltr'><strong>et</strong></span> 
     </span>
     <span class='ocr_line' id='line_1_11' title="bbox 191 1632 1264 1734; baseline -0.001 -26"><span class='ocrx_word' id='word_1_70' title='bbox 191 1635 377 1729; x_wconf 77' lang='lat' dir='ltr'><strong>oerismata</strong></span> <span class='ocrx_word' id='word_1_71' title='bbox 388 1659 469 1734; x_wconf 88' lang='lat' dir='ltr'><strong>qnae</strong></span> <span class='ocrx_word' id='word_1_72' title='bbox 484 1632 657 1705; x_wconf 89' lang='lat' dir='ltr'><strong>divinitus</strong></span> <span class='ocrx_word' id='word_1_73' title='bbox 672 1633 804 1705; x_wconf 87' lang='lat' dir='ltr'><strong>inserta</strong></span> <span class='ocrx_word' id='word_1_74' title='bbox 820 1633 870 1704; x_wconf 90' lang='lat' dir='ltr'><strong>illi</strong></span> <span class='ocrx_word' id='word_1_75' title='bbox 887 1632 1044 1723; x_wconf 82' lang='lat' dir='ltr'><strong>fuerant,</strong></span> <span class='ocrx_word' id='word_1_76' title='bbox 1064 1634 1264 1709; x_wconf 88' lang='lat' dir='ltr'><strong>luculenter</strong></span> 
     </span>
     <span class='ocr_line' id='line_1_12' title="bbox 188 1747 442 1850; baseline -0.024 -25"><span class='ocrx_word' id='word_1_77' title='bbox 188 1751 244 1825; x_wconf 86' lang='lat' dir='ltr'><strong>sic</strong></span> <span class='ocrx_word' id='word_1_78' title='bbox 259 1747 442 1850; x_wconf 79' lang='lat' dir='ltr'><strong>patefecit.</strong></span> 
     </span>
     <span class='ocr_line' id='line_1_13' title="bbox 333 1918 1031 1992; baseline 0.001 -19"><span class='ocrx_word' id='word_1_79' title='bbox 333 1918 388 1973; x_wconf 81' lang='lat' dir='ltr'><strong>llic</strong></span> <span class='ocrx_word' id='word_1_80' title='bbox 396 1918 470 1989; x_wconf 83' lang='lat' dir='ltr'><strong>jacet</strong></span> <span class='ocrx_word' id='word_1_81' title='bbox 483 1918 622 1973; x_wconf 78' lang='lat' dir='ltr'><strong>Ainardus</strong></span> <span class='ocrx_word' id='word_1_82' title='bbox 634 1919 760 1975; x_wconf 83' lang='lat' dir='ltr'><strong>redolens</strong></span> <span class='ocrx_word' id='word_1_83' title='bbox 774 1930 806 1974; x_wconf 91' lang='lat' dir='ltr'><strong>ut</strong></span> <span class='ocrx_word' id='word_1_84' title='bbox 817 1921 915 1992; x_wconf 84' lang='lat' dir='ltr'><strong>pistica</strong></span> <span class='ocrx_word' id='word_1_85' title='bbox 928 1920 1031 1975; x_wconf 84' lang='lat' dir='ltr'><strong>nardus</strong></span> 
     </span>
     <span class='ocr_line' id='line_1_14' title="bbox 368 2006 929 2073; baseline 0 -11"><span class='ocrx_word' id='word_1_86' title='bbox 368 2007 516 2062; x_wconf 84' lang='lat' dir='ltr'><strong>Virtutum</strong></span> <span class='ocrx_word' id='word_1_87' title='bbox 528 2006 624 2061; x_wconf 85' lang='lat' dir='ltr'><strong>multis</strong></span> <span class='ocrx_word' id='word_1_88' title='bbox 637 2007 752 2061; x_wconf 85' lang='lat' dir='ltr'><strong>lloribus</strong></span> <span class='ocrx_word' id='word_1_89' title='bbox 765 2018 794 2061; x_wconf 91' lang='lat' dir='ltr'><strong>et</strong></span> <span class='ocrx_word' id='word_1_90' title='bbox 806 2008 929 2073; x_wconf 70' lang='lat' dir='ltr'><strong>meritis,</strong></span> 
     </span>
     <span class='ocr_line' id='line_1_15' title="bbox 316 2094 975 2172; baseline -0.002 -20"><span class='ocrx_word' id='word_1_91' title='bbox 316 2094 317 2097; x_wconf 59' lang='grc'>’</span> <span class='ocrx_word' id='word_1_92' title='bbox 333 2099 356 2152; x_wconf 85' lang='grc' dir='ltr'><strong>Α</strong></span> <span class='ocrx_word' id='word_1_93' title='bbox 371 2115 427 2172; x_wconf 94' lang='lat' dir='ltr'><strong>qno</strong></span> <span class='ocrx_word' id='word_1_94' title='bbox 439 2096 572 2151; x_wconf 82' lang='lat' dir='ltr'><strong>fundatus</strong></span> <span class='ocrx_word' id='word_1_95' title='bbox 584 2096 661 2151; x_wconf 90' lang='lat' dir='ltr'><strong>locus</strong></span> <span class='ocrx_word' id='word_1_96' title='bbox 671 2107 714 2151; x_wconf 84' lang='lat' dir='ltr'><strong>est</strong></span> <span class='ocrx_word' id='word_1_97' title='bbox 726 2097 774 2152; x_wconf 87' lang='lat' dir='ltr'><strong>bic</strong></span> <span class='ocrx_word' id='word_1_98' title='bbox 785 2108 815 2152; x_wconf 89' lang='lat' dir='ltr'><strong>et</strong></span> <span class='ocrx_word' id='word_1_99' title='bbox 825 2097 975 2153; x_wconf 78' lang='lat' dir='ltr'><strong>edificatus</strong></span> 
     </span>
     <span class='ocr_line' id='line_1_16' title="bbox 370 2185 904 2259; baseline 0 -20"><span class='ocrx_word' id='word_1_100' title='bbox 370 2187 481 2259; x_wconf 86' lang='lat' dir='ltr'><strong>ingenti</strong></span> <span class='ocrx_word' id='word_1_101' title='bbox 494 2185 602 2253; x_wconf 86' lang='lat' dir='ltr'><strong>studio,</strong></span> <span class='ocrx_word' id='word_1_102' title='bbox 619 2204 669 2240; x_wconf 88' lang='lat' dir='ltr'><strong>nec</strong></span> <span class='ocrx_word' id='word_1_103' title='bbox 683 2185 793 2240; x_wconf 89' lang='lat' dir='ltr'><strong>modico</strong></span> <span class='ocrx_word' id='word_1_104' title='bbox 804 2187 904 2258; x_wconf 87' lang='lat' dir='ltr'><strong>pretio.</strong></span> 
     </span>
     <span class='ocr_line' id='line_1_17' title="bbox 335 2273 1067 2346; baseline -0.003 -17"><span class='ocrx_word' id='word_1_105' title='bbox 335 2274 389 2329; x_wconf 88' lang='lat' dir='ltr'><strong>Vir</strong></span> <span class='ocrx_word' id='word_1_106' title='bbox 401 2273 455 2328; x_wconf 81' lang='lat' dir='ltr'><strong>luit</strong></span> <span class='ocrx_word' id='word_1_107' title='bbox 468 2273 515 2327; x_wconf 90' lang='lat' dir='ltr'><strong>hie</strong></span> <span class='ocrx_word' id='word_1_108' title='bbox 527 2290 644 2346; x_wconf 80' lang='lat' dir='ltr'><strong>magnus</strong></span> <span class='ocrx_word' id='word_1_109' title='bbox 656 2274 808 2345; x_wconf 85' lang='lat' dir='ltr'><strong>probitate,</strong></span> <span class='ocrx_word' id='word_1_110' title='bbox 824 2273 913 2327; x_wconf 84' lang='lat' dir='ltr'><strong>suavis</strong></span> <span class='ocrx_word' id='word_1_111' title='bbox 922 2283 955 2327; x_wconf 88' lang='lat' dir='ltr'><strong>ut</strong></span> <span class='ocrx_word' id='word_1_112' title='bbox 966 2291 1067 2346; x_wconf 80' lang='lat' dir='ltr'><strong>agnus,</strong></span> 
     </span>
     <span class='ocr_line' id='line_1_18' title="bbox 369 2361 948 2436; baseline -0.002 -18"><span class='ocrx_word' id='word_1_113' title='bbox 369 2363 437 2419; x_wconf 81' lang='lat' dir='ltr'><strong>viu</strong></span> <span class='ocrx_word' id='word_1_114' title='bbox 449 2364 628 2436; x_wconf 86' lang='lat' dir='ltr'><strong>conspicuus,</strong></span> <span class='ocrx_word' id='word_1_115' title='bbox 639 2361 769 2435; x_wconf 74' lang='lat' dir='ltr'><strong>dogmate</strong></span> <span class='ocrx_word' id='word_1_116' title='bbox 779 2362 948 2436; x_wconf 71' lang='lat' dir='ltr'><strong>precipuus,</strong></span> 
     </span>
     <span class='ocr_line' id='line_1_19' title="bbox 335 2451 1086 2526; baseline -0.003 -19"><span class='ocrx_word' id='word_1_117' title='bbox 335 2453 450 2508; x_wconf 78' lang='lat' dir='ltr'><strong>Sobrius</strong></span> <span class='ocrx_word' id='word_1_118' title='bbox 462 2464 491 2508; x_wconf 91' lang='lat' dir='ltr'><strong>et</strong></span> <span class='ocrx_word' id='word_1_119' title='bbox 501 2464 606 2520; x_wconf 85' lang='lat' dir='ltr'><strong>castus,</strong></span> <span class='ocrx_word' id='word_1_120' title='bbox 620 2453 757 2526; x_wconf 84' lang='lat' dir='ltr'><strong>prudens,</strong></span> <span class='ocrx_word' id='word_1_121' title='bbox 772 2451 887 2526; x_wconf 79' lang='lat' dir='ltr'><strong>simplex</strong></span> <span class='ocrx_word' id='word_1_122' title='bbox 899 2463 928 2507; x_wconf 88' lang='lat' dir='ltr'><strong>et</strong></span> <span class='ocrx_word' id='word_1_123' title='bbox 941 2453 1086 2519; x_wconf 82' lang='lat' dir='ltr'><strong>honestus,</strong></span> 
     </span>
     <span class='ocr_line' id='line_1_20' title="bbox 370 2541 881 2610; baseline -0.002 -14"><span class='ocrx_word' id='word_1_124' title='bbox 370 2542 479 2597; x_wconf 85' lang='lat' dir='ltr'><strong>Pollens</strong></span> <span class='ocrx_word' id='word_1_125' title='bbox 492 2542 622 2610; x_wconf 87' lang='lat' dir='ltr'><strong>consilio,</strong></span> <span class='ocrx_word' id='word_1_126' title='bbox 637 2542 727 2596; x_wconf 86' lang='lat' dir='ltr'><strong>clarus</strong></span> <span class='ocrx_word' id='word_1_127' title='bbox 739 2543 768 2597; x_wconf 92' lang='lat' dir='ltr'><strong>in</strong></span> <span class='ocrx_word' id='word_1_128' title='bbox 782 2541 881 2596; x_wconf 90' lang='lat' dir='ltr'><strong>officio.</strong></span> 
     </span>
     <span class='ocr_line' id='line_1_21' title="bbox 335 2632 996 2705; baseline -0.003 -18"><span class='ocrx_word' id='word_1_129' title='bbox 335 2634 437 2687; x_wconf 85' lang='lat' dir='ltr'><strong>Mentis</strong></span> <span class='ocrx_word' id='word_1_130' title='bbox 448 2632 516 2687; x_wconf 91' lang='lat' dir='ltr'><strong>huic</strong></span> <span class='ocrx_word' id='word_1_131' title='bbox 529 2633 646 2705; x_wconf 82' lang='lat' dir='ltr'><strong>gravitas</strong></span> <span class='ocrx_word' id='word_1_132' title='bbox 658 2643 718 2687; x_wconf 87' lang='lat' dir='ltr'><strong>erat</strong></span> <span class='ocrx_word' id='word_1_133' title='bbox 731 2643 760 2687; x_wconf 87' lang='lat' dir='ltr'><strong>et</strong></span> <span class='ocrx_word' id='word_1_134' title='bbox 772 2633 908 2687; x_wconf 83' lang='lat' dir='ltr'><strong>maturior</strong></span> <span class='ocrx_word' id='word_1_135' title='bbox 920 2643 996 2697; x_wconf 76' lang='lat' dir='ltr'><strong>aetas,</strong></span> 
     </span>
     <span class='ocr_line' id='line_1_22' title="bbox 368 2722 919 2797; baseline -0.002 -19"><span class='ocrx_word' id='word_1_136' title='bbox 368 2723 499 2797; x_wconf 87' lang='lat' dir='ltr'><strong>Canaque</strong></span> <span class='ocrx_word' id='word_1_137' title='bbox 512 2723 647 2790; x_wconf 73' lang='lat' dir='ltr'><strong>cesaries,</strong></span> <span class='ocrx_word' id='word_1_138' title='bbox 665 2722 712 2777; x_wconf 84' lang='lat' dir='ltr'><strong>sed</strong></span> <span class='ocrx_word' id='word_1_139' title='bbox 724 2723 815 2779; x_wconf 84' lang='lat' dir='ltr'><strong>tennis</strong></span> <span class='ocrx_word' id='word_1_140' title='bbox 828 2722 919 2778; x_wconf 79' lang='lat' dir='ltr'><strong>iacies.</strong></span> 
     </span>
     <span class='ocr_line' id='line_1_23' title="bbox 336 2808 1095 2883; baseline -0.004 -18"><span class='ocrx_word' id='word_1_141' title='bbox 336 2812 442 2881; x_wconf 86' lang='lat' dir='ltr'><strong>Quem,</strong></span> <span class='ocrx_word' id='word_1_142' title='bbox 457 2829 543 2866; x_wconf 88' lang='lat' dir='ltr'><strong>nonas</strong></span> <span class='ocrx_word' id='word_1_143' title='bbox 556 2811 676 2866; x_wconf 89' lang='lat' dir='ltr'><strong>decimas</strong></span> <span class='ocrx_word' id='word_1_144' title='bbox 687 2810 786 2865; x_wconf 80' lang='lat' dir='ltr'><strong>februo</strong></span> <span class='ocrx_word' id='word_1_145' title='bbox 796 2820 940 2883; x_wconf 84' lang='lat' dir='ltr'><strong>promente</strong></span> <span class='ocrx_word' id='word_1_146' title='bbox 953 2808 1095 2874; x_wconf 75' lang='lat' dir='ltr'><strong>kalendas,</strong></span> 
     </span>
     <span class='ocr_line' id='line_1_24' title="bbox 371 2898 988 2971; baseline -0.003 -18"><span class='ocrx_word' id='word_1_147' title='bbox 371 2898 493 2954; x_wconf 81' lang='lat' dir='ltr'><strong>Abstulit</strong></span> <span class='ocrx_word' id='word_1_148' title='bbox 506 2899 604 2954; x_wconf 86' lang='lat' dir='ltr'><strong>ultima</strong></span> <span class='ocrx_word' id='word_1_149' title='bbox 618 2917 676 2954; x_wconf 87' lang='lat' dir='ltr'><strong>sors</strong></span> <span class='ocrx_word' id='word_1_150' title='bbox 686 2909 715 2953; x_wconf 90' lang='lat' dir='ltr'><strong>et</strong></span> <span class='ocrx_word' id='word_1_151' title='bbox 729 2900 823 2971; x_wconf 86' lang='lat' dir='ltr'><strong>rapuit</strong></span> <span class='ocrx_word' id='word_1_152' title='bbox 835 2899 889 2954; x_wconf 88' lang='lat' dir='ltr'><strong>cita</strong></span> <span class='ocrx_word' id='word_1_153' title='bbox 903 2915 988 2953; x_wconf 87' lang='lat' dir='ltr'><strong>mors.</strong></span> 
     </span>
    </p>
   </div>
   <div class='ocr_carea' id='block_1_3' title="bbox 334 2986 1068 3133">
    <p class='ocr_par' dir='ltr' id='par_1_3' title="bbox 334 2986 1068 3133">
     <span class='ocr_line' id='line_1_25' title="bbox 334 2986 1068 3062; baseline -0.003 -20"><span class='ocrx_word' id='word_1_154' title='bbox 334 2988 391 3042; x_wconf 89' lang='lat' dir='ltr'><strong>Pro</strong></span> <span class='ocrx_word' id='word_1_155' title='bbox 400 3006 473 3061; x_wconf 85' lang='lat' dir='ltr'><strong>quo,</strong></span> <span class='ocrx_word' id='word_1_156' title='bbox 487 2990 536 3062; x_wconf 91' lang='lat' dir='ltr'><strong>qui</strong></span> <span class='ocrx_word' id='word_1_157' title='bbox 549 2989 663 3055; x_wconf 87' lang='lat' dir='ltr'><strong>transis,</strong></span> <span class='ocrx_word' id='word_1_158' title='bbox 678 2987 794 3060; x_wconf 81' lang='lat' dir='ltr'><strong>supplex</strong></span> <span class='ocrx_word' id='word_1_159' title='bbox 806 3005 886 3042; x_wconf 85' lang='lat' dir='ltr'><strong>orare</strong></span> <span class='ocrx_word' id='word_1_160' title='bbox 897 3004 1005 3042; x_wconf 88' lang='lat' dir='ltr'><strong>memor</strong></span> <span class='ocrx_word' id='word_1_161' title='bbox 1017 2986 1068 3053; x_wconf 83' lang='lat' dir='ltr'><strong>sis,</strong></span> 
     </span>
     <span class='ocr_line' id='line_1_26' title="bbox 373 3075 844 3133; baseline 0.004 -3"><span class='ocrx_word' id='word_1_162' title='bbox 373 3076 411 3130; x_wconf 90' lang='lat' dir='ltr'><strong>Ut</strong></span> <span class='ocrx_word' id='word_1_163' title='bbox 425 3077 461 3132; x_wconf 86' lang='lat' dir='ltr'><strong>sit</strong></span> <span class='ocrx_word' id='word_1_164' title='bbox 473 3077 498 3132; x_wconf 89' lang='lat' dir='ltr'><strong>ei</strong></span> <span class='ocrx_word' id='word_1_165' title='bbox 512 3077 592 3133; x_wconf 83' lang='lat' dir='ltr'><strong>saties</strong></span> <span class='ocrx_word' id='word_1_166' title='bbox 604 3075 674 3131; x_wconf 87' lang='lat' dir='ltr'><strong>alma</strong></span> <span class='ocrx_word' id='word_1_167' title='bbox 685 3077 738 3131; x_wconf 90' lang='lat' dir='ltr'><strong>Dei</strong></span> <span class='ocrx_word' id='word_1_168' title='bbox 752 3076 844 3132; x_wconf 78' lang='lat' dir='ltr'><strong>facies.</strong></span> 
     </span>
    </p>
   </div>
   <div class='ocr_carea' id='block_1_4' title="bbox 194 3216 1265 3903">
    <p class='ocr_par' dir='ltr' id='par_1_4' title="bbox 194 3216 1265 3903">
     <span class='ocr_line' id='line_1_27' title="bbox 241 3216 1263 3319; baseline -0.003 -26"><span class='ocrx_word' id='word_1_169' title='bbox 241 3221 408 3293; x_wconf 80' lang='lat' dir='ltr'><strong>Divensis</strong></span> <span class='ocrx_word' id='word_1_170' title='bbox 431 3219 575 3293; x_wconf 89' lang='lat' dir='ltr'><strong>ecclesia</strong></span> <span class='ocrx_word' id='word_1_171' title='bbox 599 3236 741 3294; x_wconf 87' lang='lat' dir='ltr'><strong>rectore</strong></span> <span class='ocrx_word' id='word_1_172' title='bbox 757 3220 910 3319; x_wconf 86' lang='lat' dir='ltr'><strong>proprio</strong></span> <span class='ocrx_word' id='word_1_173' title='bbox 927 3216 1090 3303; x_wconf 83' lang='lat' dir='ltr'><strong>viduata,</strong></span> <span class='ocrx_word' id='word_1_174' title='bbox 1111 3216 1263 3290; x_wconf 85' lang='lat' dir='ltr'><strong>Fulconi</strong></span> 
     </span>
     <span class='ocr_line' id='line_1_28' title="bbox 195 3333 1263 3436; baseline -0.005 -26"><span class='ocrx_word' id='word_1_175' title='bbox 195 3336 418 3410; x_wconf 85' lang='lat' dir='ltr'><strong>Uticensium</strong></span> <span class='ocrx_word' id='word_1_176' title='bbox 428 3337 542 3436; x_wconf 87' lang='lat' dir='ltr'><strong>priori</strong></span> <span class='ocrx_word' id='word_1_177' title='bbox 557 3337 601 3409; x_wconf 88' lang='lat' dir='ltr'><strong>ad</strong></span> <span class='ocrx_word' id='word_1_178' title='bbox 617 3337 815 3436; x_wconf 85' lang='lat' dir='ltr'><strong>regendum</strong></span> <span class='ocrx_word' id='word_1_179' title='bbox 826 3335 906 3408; x_wconf 88' lang='lat' dir='ltr'><strong>duta</strong></span> <span class='ocrx_word' id='word_1_180' title='bbox 919 3347 993 3421; x_wconf 91' lang='lat' dir='ltr'><strong>est,</strong></span> <span class='ocrx_word' id='word_1_181' title='bbox 1009 3347 1045 3406; x_wconf 91' lang='lat' dir='ltr'><strong>et</strong></span> <span class='ocrx_word' id='word_1_182' title='bbox 1055 3334 1157 3432; x_wconf 85' lang='lat' dir='ltr'><strong>ipsea</strong></span> <span class='ocrx_word' id='word_1_183' title='bbox 1168 3333 1263 3406; x_wconf 89' lang='lat' dir='ltr'><strong>Rod-</strong></span> 
     </span>
     <span class='ocr_line' id='line_1_29' title="bbox 195 3449 1262 3552; baseline -0.005 -25"><span class='ocrx_word' id='word_1_184' title='bbox 195 3451 495 3527; x_wconf 84' lang='lat' dir='ltr'><strong>bertoSalariensi</strong></span> <span class='ocrx_word' id='word_1_185' title='bbox 505 3452 1103 3552; x_wconf 88' lang='lat' dir='ltr'><strong>episcopo‚abbasconsecratusest.</strong></span> <span class='ocrx_word' id='word_1_186' title='bbox 1111 3449 1262 3524; x_wconf 79' lang='lat' dir='ltr'><strong>Praelata</strong></span> 
     </span>
     <span class='ocr_line' id='line_1_30' title="bbox 194 3568 1264 3671; baseline 0.001 -28"><span class='ocrx_word' id='word_1_187' title='bbox 194 3568 325 3645; x_wconf 89' lang='lat' dir='ltr'><strong>domus</strong></span> <span class='ocrx_word' id='word_1_188' title='bbox 335 3569 381 3643; x_wconf 89' lang='lat' dir='ltr'><strong>ab</strong></span> <span class='ocrx_word' id='word_1_189' title='bbox 396 3570 473 3670; x_wconf 91' lang='lat' dir='ltr'><strong>ipso</strong></span> <span class='ocrx_word' id='word_1_190' title='bbox 487 3586 649 3670; x_wconf 89' lang='lat' dir='ltr'><strong>ternpore</strong></span> <span class='ocrx_word' id='word_1_191' title='bbox 662 3570 848 3644; x_wconf 92' lang='lat' dir='ltr'><strong>Guillelmi</strong></span> <span class='ocrx_word' id='word_1_192' title='bbox 861 3569 953 3671; x_wconf 86' lang='lat' dir='ltr'><strong>regis</strong></span> <span class='ocrx_word' id='word_1_193' title='bbox 969 3584 1006 3642; x_wconf 88' lang='lat' dir='ltr'><strong>et</strong></span> <span class='ocrx_word' id='word_1_194' title='bbox 1020 3568 1195 3643; x_wconf 89' lang='lat' dir='ltr'><strong>Rodberti</strong></span> <span class='ocrx_word' id='word_1_195' title='bbox 1208 3596 1264 3644; x_wconf 88' lang='lat' dir='ltr'><strong>se-</strong></span> 
     </span>
     <span class='ocr_line' id='line_1_31' title="bbox 195 3683 1265 3785; baseline 0 -27"><span class='ocrx_word' id='word_1_196' title='bbox 195 3683 896 3785; x_wconf 82' lang='lat' dir='ltr'><strong>cundiduoispluribusannisgubernata</strong></span> <span class='ocrx_word' id='word_1_197' title='bbox 904 3685 1265 3784; x_wconf 84' lang='lat' dir='ltr'><strong>est,etmagnilicese-</strong></span> 
     </span>
     <span class='ocr_line' id='line_1_32' title="bbox 196 3801 1262 3903; baseline -0.002 -28"><span class='ocrx_word' id='word_1_198' title='bbox 196 3801 1262 3903; x_wconf 85' lang='lat' dir='ltr'><strong>eundumopportunitatemtemporisproveotaest(2).Quu·</strong></span> 
     </span>
    </p>
   </div>
   <div class='ocr_carea' id='block_1_5' title="bbox 196 4055 1265 4313">
    <p class='ocr_par' dir='ltr' id='par_1_5' title="bbox 196 4055 1265 4313">
     <span class='ocr_line' id='line_1_33' title="bbox 229 4055 921 4132; baseline 0.006 -22"><span class='ocrx_word' id='word_1_199' title='bbox 229 4055 268 4129; x_wconf 90' lang='lat' dir='ltr'><strong>(r)</strong></span> <span class='ocrx_word' id='word_1_200' title='bbox 282 4055 338 4111; x_wconf 86' lang='lat' dir='ltr'><strong>Sur</strong></span> <span class='ocrx_word' id='word_1_201' title='bbox 351 4066 424 4112; x_wconf 84' lang='lat' dir='ltr'><strong>cette</strong></span> <span class='ocrx_word' id='word_1_202' title='bbox 438 4057 556 4130; x_wconf 83' lang='lat' dir='ltr'><strong>abbaye,</strong></span> <span class='ocrx_word' id='word_1_203' title='bbox 571 4077 652 4132; x_wconf 81' lang='lat' dir='ltr'><strong>voyez</strong></span> <span class='ocrx_word' id='word_1_204' title='bbox 666 4057 818 4122; x_wconf 81' lang='lat' dir='ltr'><strong>ci-dessus,</strong></span> <span class='ocrx_word' id='word_1_205' title='bbox 833 4077 862 4131; x_wconf 88' lang='lat' dir='ltr'><strong>p.</strong></span> <span class='ocrx_word' id='word_1_206' title='bbox 880 4056 921 4114; x_wconf 83' lang='lat'><strong>13.</strong></span> 
     </span>
     <span class='ocr_line' id='line_1_34' title="bbox 226 4143 1264 4222; baseline 0.009 -25"><span class='ocrx_word' id='word_1_207' title='bbox 226 4145 267 4214; x_wconf 86' lang='lat' dir='ltr'><strong>(a)</strong></span> <span class='ocrx_word' id='word_1_208' title='bbox 286 4143 309 4198; x_wconf 86' lang='lat' dir='ltr'>F</span> <span class='ocrx_word' id='word_1_209' title='bbox 308 4143 440 4219; x_wconf 86' lang='lat' dir='ltr'><strong>oulques,</strong></span> <span class='ocrx_word' id='word_1_210' title='bbox 456 4148 585 4201; x_wconf 81' lang='lat' dir='ltr'><strong>consacre</strong></span> <span class='ocrx_word' id='word_1_211' title='bbox 597 4165 647 4219; x_wconf 83' lang='lat' dir='ltr'><strong>par</strong></span> <span class='ocrx_word' id='word_1_212' title='bbox 656 4146 765 4202; x_wconf 86' lang='lat' dir='ltr'><strong>Robert</strong></span> <span class='ocrx_word' id='word_1_213' title='bbox 773 4147 876 4221; x_wconf 72' lang='lat' dir='ltr'><strong>tneque</strong></span> <span class='ocrx_word' id='word_1_214' title='bbox 886 4147 922 4203; x_wconf 87' lang='lat' dir='ltr'><strong>de</strong></span> <span class='ocrx_word' id='word_1_215' title='bbox 933 4147 1012 4214; x_wconf 78' lang='lat' dir='ltr'><strong>seez,</strong></span> <span class='ocrx_word' id='word_1_216' title='bbox 1028 4148 1167 4222; x_wconf 83' lang='lat' dir='ltr'><strong>indisposa</strong></span> <span class='ocrx_word' id='word_1_217' title='bbox 1179 4151 1264 4206; x_wconf 68' lang='lat' dir='ltr'><strong>beari·</strong></span> 
     </span>
     <span class='ocr_line' id='line_1_35' title="bbox 196 4233 1265 4313; baseline 0.011 -28"><span class='ocrx_word' id='word_1_218' title='bbox 196 4249 268 4306; x_wconf 88' lang='lat' dir='ltr'><strong>coup</strong></span> <span class='ocrx_word' id='word_1_219' title='bbox 286 4251 328 4290; x_wconf 82' lang='lat' dir='ltr'><strong>ses</strong></span> <span class='ocrx_word' id='word_1_220' title='bbox 344 4233 521 4292; x_wconf 77' lang='lat' dir='ltr'><strong>administres</strong></span> <span class='ocrx_word' id='word_1_221' title='bbox 539 4255 589 4309; x_wconf 88' lang='lat' dir='ltr'><strong>par</strong></span> <span class='ocrx_word' id='word_1_222' title='bbox 602 4236 629 4292; x_wconf 89' lang='lat' dir='ltr'><strong>la</strong></span> <span class='ocrx_word' id='word_1_223' title='bbox 641 4238 758 4292; x_wconf 72' lang='lat' dir='ltr'><strong>atterite</strong></span> <span class='ocrx_word' id='word_1_224' title='bbox 771 4254 835 4293; x_wconf 74' lang='lat' dir='ltr'><strong>arec</strong></span> <span class='ocrx_word' id='word_1_225' title='bbox 846 4235 963 4313; x_wconf 84' lang='lat' dir='ltr'><strong>laquelle</strong></span> <span class='ocrx_word' id='word_1_226' title='bbox 979 4235 1001 4292; x_wconf 90' lang='lat' dir='ltr'><strong>il</strong></span> <span class='ocrx_word' id='word_1_227' title='bbox 1015 4235 1060 4296; x_wconf 72' lang='lat' dir='ltr'><strong>tes</strong></span> <span class='ocrx_word' id='word_1_228' title='bbox 1071 4239 1163 4295; x_wconf 74' lang='lat' dir='ltr'><strong>truita.</strong></span> <span class='ocrx_word' id='word_1_229' title='bbox 1184 4242 1265 4310; x_wconf 72' lang='lat' dir='ltr'><strong>bussi</strong></span> 
     </span>
    </p>
   </div>
   <div class='ocr_carea' id='block_1_6' title="bbox 0 0 1473 4980">
    <p class='ocr_par' dir='ltr' id='par_1_6' title="bbox 0 0 1473 4980">
     <span class='ocr_line' id='line_1_36' title="bbox 0 0 1473 4980; baseline 0 0"><span class='ocrx_word' id='word_1_230' title='bbox 0 0 1473 4980; x_wconf 95' lang='lat' dir='ltr'><strong> </strong></span> 
     </span>
    </p>
   </div>
  </div>
 </body>
</html>
