2926 4980
197 423 256 481 180
471 418 654 479 HISTORIA
677 417 981 479 Ecctmtnstlct.
1157 422 1266 502 [1068]

197 555 252 610 tra
267 540 316 610 sic
329 538 378 611 eis
390 538 613 610 remandavit
626 563 707 625 rex,
721 537 842 609 dicens
859 568 867 607 ι
883 538 974 612 Non
985 553 1038 610 est
1051 537 1141 610 mibi
1152 541 1266 613 moris

197 655 251 726 ad
272 654 369 726 hanc
390 653 634 727 conditionem
658 653 791 726 babere
806 654 1001 754 subjectos.
1021 653 1158 728 Deinde
1180 678 1267 728 cum

196 769 355 842 exercitu
376 768 421 842 ad
440 768 529 841 fines
552 795 679 842 eorum
697 770 860 859 accessit,
881 786 917 842 et
936 770 1057 868 primo
1079 770 1117 843 in
1139 795 1181 844 ea
1199 798 1267 846 ex·

195 887 378 986 peditione
394 886 530 987 Anglos
551 887 686 960 eduxit.
707 887 860 986 Majores
879 912 965 961 mox
984 904 1025 959 ut
1042 912 1164 988 regem
1182 914 1265 963 cum

195 1005 355 1077 exercitu
364 1004 653 1102 appropinquare
663 1019 898 1104 cognoscunt,
909 1003 1053 1079 obviam
1060 1004 1266 1080 advenienti

195 1122 418 1220 procedunt,
435 1146 559 1221 pacem
576 1137 730 1220 poscunt
741 1175 752 1210 ,
779 1138 900 1221 portas
922 1123 953 1194 ei
975 1139 1098 1221 patere
1114 1122 1265 1214 dicunt,

197 1240 368 1337 imperata
386 1236 559 1337 quaelibet
580 1265 616 1311 se
632 1237 791 1313 facturos
810 1239 1053 1338 promittunt,
1072 1257 1108 1314 et
1125 1238 1268 1316 obsides

199 1355 297 1429 illico
314 1370 468 1455 quantos
485 1381 548 1428 rex
560 1352 665 1454 jubet
674 1409 685 1444 ,
705 1355 900 1428 adducunt.
921 1358 1065 1430 Reversi
1079 1357 1123 1430 ad
1141 1359 1269 1433 conci-

197 1497 275 1560 ves,
294 1472 357 1570 qui
376 1469 549 1568 supplicia
566 1495 634 1568 pro
652 1485 754 1544 reatu
770 1472 879 1543 nimis
896 1470 1126 1561 metuebant,
1151 1471 1268 1546 nihil-

198 1591 341 1661 ominus
358 1585 611 1660 machinantur
628 1586 768 1662 bostiiia
787 1615 869 1689 quae
891 1604 1099 1688 coeperant,
1122 1589 1269 1663 multis-

197 1729 267 1804 que
284 1728 353 1802 pro
366 1703 479 1775 causis
491 1703 537 1775 ad
548 1702 831 1803 oppugnandum
843 1730 917 1777 sese
933 1702 1144 1777 incitabant.
1160 1703 1269 1799 Quod

198 1820 345 1895 audiens
363 1847 448 1908 rex,
468 1821 531 1920 qui
555 1819 598 1892 ad
620 1837 777 1920 quatuor
794 1821 960 1894 milliaria
982 1821 1200 1896 consistebat
1221 1820 1269 1896 eb

199 1935 309 2027 urbe,
331 1938 381 2009 ira
399 1936 556 2035 repletus
573 1951 626 2011 est
642 1951 679 2011 et
696 1936 946 2013 admiratione.

249 2056 566 2155 lmprimis'itaque
582 2080 647 2128 rex
660 2081 744 2128 cum
756 2057 964 2157 quingentis
981 2056 1165 2158 equitibus
1180 2082 1269 2158 pro-

199 2197 284 2270 pere
308 2171 484 2270 perrexit,
512 2187 554 2242 ut
577 2170 699 2245 locum
722 2186 759 2245 et
781 2174 914 2245 moenia
937 2172 1094 2262 videret,
1118 2188 1154 2247 et
1179 2172 1269 2274 quid

201 2289 321 2364 hostes
339 2303 486 2389 agerent
497 2286 794 2387 deprehenderet.
806 2292 927 2363 Portae
943 2290 1131 2365 offirmatae
1148 2305 1267 2380 erant,

200 2407 390 2507 densaeque
408 2405 526 2479 turbae
544 2407 582 2478 in
599 2407 878 2506 propugnaculis
899 2424 936 2481 et
958 2434 1023 2506 per
1037 2423 1157 2480 totum
1171 2409 1268 2481 muri

201 2524 378 2598 ambitum
388 2521 614 2621 prostabant.
630 2522 793 2623 Denique
806 2525 906 2624 regio
917 2527 1018 2623 jussu
1032 2525 1210 2597 exercitus
1225 2523 1271 2597 ad

202 2638 330 2714 urbem
347 2642 511 2715 admotus
530 2656 603 2728 est,
623 2657 660 2713 et
676 2667 770 2712 unus
786 2667 829 2714 ex
847 2640 1032 2715 obsidibus
1048 2668 1163 2741 prope
1178 2667 1271 2742 por-

202 2775 275 2829 tam
304 2755 418 2831 oculis
448 2756 608 2854 privatus
636 2772 701 2829 est.
734 2757 933 2830 Pertinacia
963 2756 1116 2830 furentis
1144 2756 1271 2857 populi

203 2874 306 2948 nullo
328 2875 478 2961 timore,
501 2899 567 2947 nec
587 2873 660 2945 ulia
680 2874 906 2975 reliquorum
925 2872 1092 2949 obsidum
1112 2874 1273 2949 flectitur

204 2991 450 3078 miseratione3
470 2991 529 3063 sed
546 2991 687 3063 acuitur
703 2989 747 3063 ad
762 2989 1019 3065 defensandum
1038 3017 1095 3083 se,
1117 3014 1272 3093 suosque

204 3113 293 3183 lares
323 3123 398 3181 tota
428 3104 685 3182 obstinatione.
716 3110 789 3183 Rex
817 3125 937 3183 autem
966 3109 1113 3183 fortiter
1141 3108 1272 3184 urbem

204 3223 393 3300 obsidione
412 3221 616 3310 concludit,
637 3223 785 3296 militari
808 3223 949 3298 feritate
968 3223 1122 3312 invadit,
1146 3238 1183 3297 et
1207 3248 1272 3323 per

205 3343 380 3443 plurimos
395 3340 469 3413 dies
487 3339 620 3413 obnixe
639 3341 765 3439 satagit
782 3341 875 3414 cives
890 3339 1042 3440 desuper
1061 3340 1272 3440 impugnare

206 3473 242 3530 et
269 3455 394 3528 subtus
419 3479 565 3526 murum
589 3453 778 3528 suffodere.
805 3457 875 3555 (1).
892 3453 1054 3527 Tandem
1073 3455 1273 3555 municipes

208 3575 343 3675 ingenti
367 3573 526 3646 bostium
553 3573 720 3645 instantia
746 3572 835 3645 utile
860 3570 1051 3646 consilium
1077 3571 1274 3645 coacti-ca·

207 3695 333 3792 piunt,
352 3692 395 3763 ad
412 3690 697 3788 deprecationem
711 3689 948 3776 descendunt,
964 3703 1001 3761 et
1014 3687 1273 3763 formosissima

203 3815 395 3910 juventus,
417 3812 640 3906 majoresque
659 3823 746 3879 natu
764 3833 847 3878 eum
865 3807 962 3879 clero
977 3821 1137 3907 gestante
1155 3830 1273 3880 sacros

207 3926 320 3999 libros
337 3941 370 3998 et
390 3922 589 4021 hujusmodi
608 3939 799 4010 ornatum,
822 3922 865 3993 ad
883 3948 1002 4022 regem
1020 3938 1164 3995 exeunt.
1184 3924 1274 3995 Pro·

244 4199 281 4266 (ι)
302 4197 336 4249 Le
349 4195 422 4265 siege
434 4193 503 4248 dura
517 4192 641 4247 dix-huit
651 4194 740 4264 jours.
