<?xml version="1.0" encoding="UTF-8"?>
<!DOCTYPE html PUBLIC "-//W3C//DTD XHTML 1.0 Transitional//EN"
    "http://www.w3.org/TR/xhtml1/DTD/xhtml1-transitional.dtd">
<html xmlns="http://www.w3.org/1999/xhtml" xml:lang="en" lang="en">
 <head>
  <title>
</title>
<meta http-equiv="Content-Type" content="text/html;charset=utf-8" />
  <meta name='ocr-system' content='tesseract 3.04.00' />
  <meta name='ocr-capabilities' content='ocr_page ocr_carea ocr_par ocr_line ocrx_word'/>
</head>
<body>
  <div class='ocr_page' id='page_1' title='image "./ordericivitalis01deligoog/ordericivitalis01deligoog_0182.png"; bbox 0 0 2910 4980; ppageno 0'>
   <div class='ocr_carea' id='block_1_1' title="bbox 191 420 1258 505">
    <p class='ocr_par' dir='ltr' id='par_1_1' title="bbox 191 420 1258 505">
     <span class='ocr_line' id='line_1_1' title="bbox 191 420 1258 505; baseline -0.004 -17"><span class='ocrx_word' id='word_1_1' title='bbox 191 428 299 505; x_wconf 69' lang='lat' dir='ltr'><strong>noea]</strong></span> <span class='ocrx_word' id='word_1_2' title='bbox 558 420 675 484; x_wconf 77' lang='lat' dir='ltr'><strong>traua</strong></span> <span class='ocrx_word' id='word_1_3' title='bbox 696 422 888 498; x_wconf 76' lang='lat' dir='ltr'><strong>curares.</strong></span> <span class='ocrx_word' id='word_1_4' title='bbox 1200 427 1258 485; x_wconf 78' lang='lat' dir='ltr'><strong>icc</strong></span> 
     </span>
    </p>
   </div>
   <div class='ocr_carea' id='block_1_2' title="bbox 189 540 1331 884">
    <p class='ocr_par' dir='ltr' id='par_1_2' title="bbox 189 540 1331 884">
     <span class='ocr_line' id='line_1_2' title="bbox 189 540 1257 641; baseline -0.004 -24"><span class='ocrx_word' id='word_1_5' title='bbox 189 559 314 620; x_wconf 85' lang='lat' dir='ltr'><strong>renter</strong></span> <span class='ocrx_word' id='word_1_6' title='bbox 327 543 514 630; x_wconf 72' lang='lat' dir='ltr'><strong>interfuit,</strong></span> <span class='ocrx_word' id='word_1_7' title='bbox 528 559 564 617; x_wconf 88' lang='lat' dir='ltr'><strong>et</strong></span> <span class='ocrx_word' id='word_1_8' title='bbox 577 542 728 615; x_wconf 89' lang='lat' dir='ltr'><strong>utillima</strong></span> <span class='ocrx_word' id='word_1_9' title='bbox 744 544 855 616; x_wconf 91' lang='lat' dir='ltr'><strong>totius</strong></span> <span class='ocrx_word' id='word_1_10' title='bbox 868 540 993 641; x_wconf 89' lang='lat' dir='ltr'><strong>populi</strong></span> <span class='ocrx_word' id='word_1_11' title='bbox 1010 541 1257 616; x_wconf 80' lang='lat' dir='ltr'>commoditati</span> 
     </span>
     <span class='ocr_line' id='line_1_3' title="bbox 191 657 1258 759; baseline -0.004 -24"><span class='ocrx_word' id='word_1_12' title='bbox 191 659 308 735; x_wconf 85' lang='lat' dir='ltr'><strong>edicte</strong></span> <span class='ocrx_word' id='word_1_13' title='bbox 318 659 387 732; x_wconf 89' lang='lat' dir='ltr'><strong>sub</strong></span> <span class='ocrx_word' id='word_1_14' title='bbox 396 684 484 733; x_wconf 79' lang='lat' dir='ltr'><strong>voce</strong></span> <span class='ocrx_word' id='word_1_15' title='bbox 495 658 940 758; x_wconf 71' lang='lat' dir='ltr'><strong>preeeonispromulgavit.</strong></span> <span class='ocrx_word' id='word_1_16' title='bbox 954 659 1090 732; x_wconf 81' lang='lat' dir='ltr'>Deinde</span> <span class='ocrx_word' id='word_1_17' title='bbox 1099 657 1165 731; x_wconf 86' lang='lat' dir='ltr'><strong>hal.</strong></span> <span class='ocrx_word' id='word_1_18' title='bbox 1175 659 1258 759; x_wconf 87' lang='lat' dir='ltr'><strong>julii</strong></span> 
     </span>
     <span class='ocr_line' id='line_1_4' title="bbox 192 775 1331 884; baseline -0.003 -32"><span class='ocrx_word' id='word_1_19' title='bbox 192 778 377 852; x_wconf 85' lang='lat' dir='ltr'><strong>ecclesiam</strong></span> <span class='ocrx_word' id='word_1_20' title='bbox 400 779 542 850; x_wconf 84' lang='lat' dir='ltr'><strong>Sanctae</strong></span> <span class='ocrx_word' id='word_1_21' title='bbox 564 777 690 851; x_wconf 79' lang='lat' dir='ltr'><strong>Mariae</strong></span> <span class='ocrx_word' id='word_1_22' title='bbox 711 775 806 874; x_wconf 88' lang='lat' dir='ltr'><strong>apud</strong></span> <span class='ocrx_word' id='word_1_23' title='bbox 818 776 1088 850; x_wconf 61' lang='lat' dir='ltr'><strong>xGemmeticum</strong></span> <span class='ocrx_word' id='word_1_24' title='bbox 1112 778 1166 874; x_wconf 83' lang='grc' dir='ltr'><strong>(ι)</strong></span> <span class='ocrx_word' id='word_1_25' title='bbox 1193 776 1258 850; x_wconf 90' lang='lat' dir='ltr'><strong>de-</strong></span> <span class='ocrx_word' id='word_1_26' title='bbox 1329 882 1331 884; x_wconf 6' lang='lat' dir='ltr'>V</span> 
     </span>
    </p>
   </div>
   <div class='ocr_carea' id='block_1_3' title="bbox 190 895 1260 2746">
    <p class='ocr_par' dir='ltr' id='par_1_3' title="bbox 190 895 1260 2746">
     <span class='ocr_line' id='line_1_5' title="bbox 190 895 1259 995; baseline -0.005 -25"><span class='ocrx_word' id='word_1_27' title='bbox 190 896 302 970; x_wconf 83' lang='lat' dir='ltr'><strong>dicari</strong></span> <span class='ocrx_word' id='word_1_28' title='bbox 331 896 521 995; x_wconf 73' lang='lat' dir='ltr'><strong>praecepit,</strong></span> <span class='ocrx_word' id='word_1_29' title='bbox 550 909 587 968; x_wconf 86' lang='lat' dir='ltr'><strong>et</strong></span> <span class='ocrx_word' id='word_1_30' title='bbox 615 895 691 992; x_wconf 89' lang='lat' dir='ltr'><strong>ipse</strong></span> <span class='ocrx_word' id='word_1_31' title='bbox 716 919 817 967; x_wconf 86' lang='lat' dir='ltr'><strong>sacro</strong></span> <span class='ocrx_word' id='word_1_32' title='bbox 847 895 1023 993; x_wconf 86' lang='lat' dir='ltr'><strong>mysterio</strong></span> <span class='ocrx_word' id='word_1_33' title='bbox 1046 907 1259 967; x_wconf 81' lang='lat' dir='ltr'><strong>veneranter</strong></span> 
     </span>
     <span class='ocr_line' id='line_1_6' title="bbox 190 1009 1257 1111; baseline -0.004 -26"><span class='ocrx_word' id='word_1_34' title='bbox 190 1012 306 1085; x_wconf 82' lang='lat' dir='ltr'><strong>affuit.</strong></span> <span class='ocrx_word' id='word_1_35' title='bbox 318 1011 528 1111; x_wconf 70' lang='lat' dir='ltr'><strong>⁴Utramque</strong></span> <span class='ocrx_word' id='word_1_36' title='bbox 540 1011 717 1083; x_wconf 85' lang='lat' dir='ltr'><strong>nimirum</strong></span> <span class='ocrx_word' id='word_1_37' title='bbox 730 1036 774 1083; x_wconf 79' lang='lat' dir='ltr'><strong>ex</strong></span> <span class='ocrx_word' id='word_1_38' title='bbox 790 1009 933 1109; x_wconf 86' lang='lat' dir='ltr'><strong>praediis</strong></span> <span class='ocrx_word' id='word_1_39' title='bbox 952 1009 1103 1083; x_wconf 90' lang='lat' dir='ltr'><strong>dominii</strong></span> <span class='ocrx_word' id='word_1_40' title='bbox 1118 1010 1172 1082; x_wconf 92' lang='lat' dir='ltr'><strong>sui</strong></span> <span class='ocrx_word' id='word_1_41' title='bbox 1188 1009 1257 1081; x_wconf 86' lang='lat' dir='ltr'><strong>lar·</strong></span> 
     </span>
     <span class='ocr_line' id='line_1_7' title="bbox 191 1127 1260 1231; baseline -0.001 -27"><span class='ocrx_word' id='word_1_42' title='bbox 191 1131 286 1231; x_wconf 75' lang='lat' dir='ltr'><strong>giter</strong></span> <span class='ocrx_word' id='word_1_43' title='bbox 301 1129 458 1217; x_wconf 83' lang='lat' dir='ltr'><strong>dotavit,</strong></span> <span class='ocrx_word' id='word_1_44' title='bbox 475 1152 607 1228; x_wconf 85' lang='lat' dir='ltr'><strong>suaque</strong></span> <span class='ocrx_word' id='word_1_45' title='bbox 623 1128 825 1227; x_wconf 70' lang='lat' dir='ltr'><strong>presentia,</strong></span> <span class='ocrx_word' id='word_1_46' title='bbox 840 1127 1108 1201; x_wconf 82' lang='lat' dir='ltr'><strong>dumsanctum</strong></span> <span class='ocrx_word' id='word_1_47' title='bbox 1121 1143 1260 1228; x_wconf 82' lang='lat' dir='ltr'><strong>myste-</strong></span> 
     </span>
     <span class='ocr_line' id='line_1_8' title="bbox 191 1244 1259 1334; baseline -0.001 -15"><span class='ocrx_word' id='word_1_48' title='bbox 191 1249 288 1321; x_wconf 82' lang='lat' dir='ltr'><strong>rium</strong></span> <span class='ocrx_word' id='word_1_49' title='bbox 309 1245 564 1334; x_wconf 81' lang='lat' dir='ltr'><strong>celebraretur,</strong></span> <span class='ocrx_word' id='word_1_50' title='bbox 589 1244 717 1318; x_wconf 82' lang='lat' dir='ltr'><strong>devote</strong></span> <span class='ocrx_word' id='word_1_51' title='bbox 738 1244 956 1317; x_wconf 84' lang='lat' dir='ltr'><strong>sublimavit.</strong></span> <span class='ocrx_word' id='word_1_52' title='bbox 980 1245 1168 1317; x_wconf 89' lang='lat' dir='ltr'><strong>Maurilius</strong></span> <span class='ocrx_word' id='word_1_53' title='bbox 1189 1248 1259 1319; x_wconf 90' lang='lat' dir='ltr'><strong>Ro-</strong></span> 
     </span>
     <span class='ocr_line' id='line_1_9' title="bbox 190 1361 1257 1465; baseline -0.005 -26"><span class='ocrx_word' id='word_1_54' title='bbox 190 1365 407 1465; x_wconf 82' lang='lat' dir='ltr'><strong>tomagensis</strong></span> <span class='ocrx_word' id='word_1_55' title='bbox 427 1361 711 1461; x_wconf 78' lang='lat' dir='ltr'><strong>archiepiscopus</strong></span> <span class='ocrx_word' id='word_1_56' title='bbox 732 1387 816 1434; x_wconf 90' lang='lat' dir='ltr'><strong>cum</strong></span> <span class='ocrx_word' id='word_1_57' title='bbox 837 1362 1065 1461; x_wconf 81' lang='lat' dir='ltr'><strong>suffraganeis</strong></span> <span class='ocrx_word' id='word_1_58' title='bbox 1084 1363 1257 1462; x_wconf 88' lang='lat' dir='ltr'><strong>episcopis</strong></span> 
     </span>
     <span class='ocr_line' id='line_1_10' title="bbox 192 1476 1254 1577; baseline -0.003 -25"><span class='ocrx_word' id='word_1_59' title='bbox 192 1479 284 1552; x_wconf 86' lang='lat' dir='ltr'><strong>hanc</strong></span> <span class='ocrx_word' id='word_1_60' title='bbox 309 1477 571 1553; x_wconf 77' lang='lat' dir='ltr'><strong>dedicationem</strong></span> <span class='ocrx_word' id='word_1_61' title='bbox 599 1476 783 1550; x_wconf 86' lang='lat' dir='ltr'><strong>humiliter</strong></span> <span class='ocrx_word' id='word_1_62' title='bbox 808 1492 844 1551; x_wconf 92' lang='lat' dir='ltr'><strong>et</strong></span> <span class='ocrx_word' id='word_1_63' title='bbox 866 1478 992 1552; x_wconf 85' lang='lat' dir='ltr'><strong>devote</strong></span> <span class='ocrx_word' id='word_1_64' title='bbox 1016 1479 1254 1577; x_wconf 85' lang='lat' dir='ltr'><strong>perpetrarit,</strong></span> 
     </span>
     <span class='ocr_line' id='line_1_11' title="bbox 192 1594 1258 1696; baseline -0.001 -26"><span class='ocrx_word' id='word_1_65' title='bbox 192 1613 226 1670; x_wconf 90' lang='lat' dir='ltr'><strong>et</strong></span> <span class='ocrx_word' id='word_1_66' title='bbox 240 1594 350 1696; x_wconf 92' lang='lat' dir='ltr'><strong>paulo</strong></span> <span class='ocrx_word' id='word_1_67' title='bbox 360 1609 463 1695; x_wconf 87' lang='lat' dir='ltr'><strong>post,</strong></span> <span class='ocrx_word' id='word_1_68' title='bbox 475 1595 690 1670; x_wconf 91' lang='lat' dir='ltr'><strong>duodecimo</strong></span> <span class='ocrx_word' id='word_1_69' title='bbox 704 1597 927 1695; x_wconf 79' lang='lat' dir='ltr'><strong>episcopatus</strong></span> <span class='ocrx_word' id='word_1_70' title='bbox 937 1597 992 1668; x_wconf 89' lang='lat' dir='ltr'><strong>sui</strong></span> <span class='ocrx_word' id='word_1_71' title='bbox 1005 1623 1115 1685; x_wconf 89' lang='lat' dir='ltr'><strong>anno,</strong></span> <span class='ocrx_word' id='word_1_72' title='bbox 1133 1598 1168 1669; x_wconf 89' lang='lat' dir='ltr'><strong>in</strong></span> <span class='ocrx_word' id='word_1_73' title='bbox 1183 1595 1258 1670; x_wconf 91' lang='lat' dir='ltr'><strong>lec-</strong></span> 
     </span>
     <span class='ocr_line' id='line_1_12' title="bbox 194 1710 1256 1815; baseline 0.002 -31"><span class='ocrx_word' id='word_1_74' title='bbox 194 1729 269 1786; x_wconf 90' lang='lat' dir='ltr'><strong>tum</strong></span> <span class='ocrx_word' id='word_1_75' title='bbox 289 1710 473 1787; x_wconf 87' lang='lat' dir='ltr'><strong>decubuit.</strong></span> <span class='ocrx_word' id='word_1_76' title='bbox 497 1713 646 1787; x_wconf 88' lang='lat' dir='ltr'><strong>Peracto</strong></span> <span class='ocrx_word' id='word_1_77' title='bbox 667 1729 788 1786; x_wconf 87' lang='lat' dir='ltr'><strong>autem</strong></span> <span class='ocrx_word' id='word_1_78' title='bbox 804 1712 978 1814; x_wconf 90' lang='lat' dir='ltr'><strong>quioquid</strong></span> <span class='ocrx_word' id='word_1_79' title='bbox 1003 1713 1170 1815; x_wconf 84' lang='lat' dir='ltr'><strong>religioso</strong></span> <span class='ocrx_word' id='word_1_80' title='bbox 1192 1716 1256 1787; x_wconf 89' lang='lat' dir='ltr'><strong>Dei</strong></span> 
     </span>
     <span class='ocr_line' id='line_1_13' title="bbox 192 1829 1257 1931; baseline 0.006 -32"><span class='ocrx_word' id='word_1_81' title='bbox 192 1829 352 1905; x_wconf 76' lang='lat' dir='ltr'><strong>vernulae</strong></span> <span class='ocrx_word' id='word_1_82' title='bbox 372 1832 565 1930; x_wconf 90' lang='lat' dir='ltr'><strong>competit,</strong></span> <span class='ocrx_word' id='word_1_83' title='bbox 589 1841 628 1903; x_wconf 84' lang='lat' dir='ltr'><strong>v⁰</strong></span> <span class='ocrx_word' id='word_1_84' title='bbox 647 1830 724 1903; x_wconf 86' lang='lat' dir='ltr'><strong>idus</strong></span> <span class='ocrx_word' id='word_1_85' title='bbox 741 1832 880 1931; x_wconf 80' lang='lat' dir='ltr'><strong>augusti</strong></span> <span class='ocrx_word' id='word_1_86' title='bbox 899 1831 943 1904; x_wconf 89' lang='lat' dir='ltr'><strong>ad</strong></span> <span class='ocrx_word' id='word_1_87' title='bbox 960 1832 1097 1923; x_wconf 89' lang='lat' dir='ltr'><strong>Deum,</strong></span> <span class='ocrx_word' id='word_1_88' title='bbox 1116 1833 1173 1905; x_wconf 91' lang='lat' dir='ltr'><strong>cui</strong></span> <span class='ocrx_word' id='word_1_89' title='bbox 1195 1831 1257 1905; x_wconf 91' lang='lat' dir='ltr'><strong>diu</strong></span> 
     </span>
     <span class='ocr_line' id='line_1_14' title="bbox 192 1945 1257 2046; baseline -0.001 -27"><span class='ocrx_word' id='word_1_90' title='bbox 192 1946 386 2035; x_wconf 79' lang='lat' dir='ltr'><strong>servierat,</strong></span> <span class='ocrx_word' id='word_1_91' title='bbox 414 1946 593 2045; x_wconf 83' lang='lat' dir='ltr'><strong>migravit.</strong></span> <span class='ocrx_word' id='word_1_92' title='bbox 621 1945 761 2045; x_wconf 86' lang='lat' dir='ltr'><strong>Corpus</strong></span> <span class='ocrx_word' id='word_1_93' title='bbox 785 1972 873 2020; x_wconf 84' lang='lat' dir='ltr'><strong>vero</strong></span> <span class='ocrx_word' id='word_1_94' title='bbox 898 1950 974 2046; x_wconf 87' lang='lat' dir='ltr'><strong>ejus</strong></span> <span class='ocrx_word' id='word_1_95' title='bbox 1001 1949 1039 2018; x_wconf 88' lang='lat' dir='ltr'><strong>in</strong></span> <span class='ocrx_word' id='word_1_96' title='bbox 1067 1947 1257 2046; x_wconf 88' lang='lat' dir='ltr'><strong>episcopali</strong></span> 
     </span>
     <span class='ocr_line' id='line_1_15' title="bbox 191 2060 1257 2162; baseline 0.001 -29"><span class='ocrx_word' id='word_1_97' title='bbox 191 2060 334 2135; x_wconf 88' lang='lat' dir='ltr'><strong>ecclesia</strong></span> <span class='ocrx_word' id='word_1_98' title='bbox 350 2060 475 2162; x_wconf 85' lang='lat' dir='ltr'><strong>(quam</strong></span> <span class='ocrx_word' id='word_1_99' title='bbox 487 2061 562 2159; x_wconf 87' lang='lat' dir='ltr'><strong>ipse</strong></span> <span class='ocrx_word' id='word_1_100' title='bbox 576 2076 660 2134; x_wconf 89' lang='lat' dir='ltr'><strong>ante</strong></span> <span class='ocrx_word' id='word_1_101' title='bbox 670 2087 694 2134; x_wconf 90' lang='lat' dir='ltr'>v</span> <span class='ocrx_word' id='word_1_102' title='bbox 706 2087 839 2148; x_wconf 89' lang='lat' dir='ltr'><strong>annos,</strong></span> <span class='ocrx_word' id='word_1_103' title='bbox 857 2060 1056 2135; x_wconf 85' lang='lat' dir='ltr'><strong>indictione</strong></span> <span class='ocrx_word' id='word_1_104' title='bbox 1070 2075 1110 2149; x_wconf 72' lang='grc' dir='ltr'><strong>ι’,</strong></span> <span class='ocrx_word' id='word_1_105' title='bbox 1125 2078 1257 2134; x_wconf 85' lang='lat' dir='ltr'><strong>sanctae</strong></span> 
     </span>
     <span class='ocr_line' id='line_1_16' title="bbox 192 2178 1257 2278; baseline 0.002 -27"><span class='ocrx_word' id='word_1_106' title='bbox 192 2179 255 2252; x_wconf 83' lang='lat' dir='ltr'><strong>Dei</strong></span> <span class='ocrx_word' id='word_1_107' title='bbox 273 2179 440 2278; x_wconf 85' lang='lat' dir='ltr'><strong>genitrici</strong></span> <span class='ocrx_word' id='word_1_108' title='bbox 458 2180 585 2253; x_wconf 86' lang='lat' dir='ltr'><strong>Mariae</strong></span> <span class='ocrx_word' id='word_1_109' title='bbox 599 2179 842 2278; x_wconf 79' lang='lat' dir='ltr'><strong>dedicaverat)</strong></span> <span class='ocrx_word' id='word_1_110' title='bbox 854 2178 1012 2252; x_wconf 73' lang='lat' dir='ltr'><strong>¹delatum</strong></span> <span class='ocrx_word' id='word_1_111' title='bbox 1032 2194 1104 2268; x_wconf 90' lang='lat' dir='ltr'><strong>est,</strong></span> <span class='ocrx_word' id='word_1_112' title='bbox 1123 2194 1159 2252; x_wconf 92' lang='lat' dir='ltr'><strong>et</strong></span> <span class='ocrx_word' id='word_1_113' title='bbox 1175 2194 1257 2253; x_wconf 91' lang='lat' dir='ltr'><strong>ante</strong></span> 
     </span>
     <span class='ocr_line' id='line_1_17' title="bbox 191 2293 1256 2395; baseline 0.001 -29"><span class='ocrx_word' id='word_1_114' title='bbox 191 2293 404 2367; x_wconf 83' lang='lat' dir='ltr'><strong>crucifixum</strong></span> <span class='ocrx_word' id='word_1_115' title='bbox 418 2296 472 2393; x_wconf 89' lang='lat'><strong>(2)</strong></span> <span class='ocrx_word' id='word_1_116' title='bbox 490 2295 689 2370; x_wconf 90' lang='lat' dir='ltr'><strong>honorifice</strong></span> <span class='ocrx_word' id='word_1_117' title='bbox 707 2296 925 2368; x_wconf 86' lang='lat' dir='ltr'><strong>tumulatum</strong></span> <span class='ocrx_word' id='word_1_118' title='bbox 939 2311 1004 2368; x_wconf 90' lang='lat' dir='ltr'><strong>est.</strong></span> <span class='ocrx_word' id='word_1_119' title='bbox 1023 2296 1256 2395; x_wconf 88' lang='lat' dir='ltr'><strong>Epitaphium</strong></span> 
     </span>
     <span class='ocr_line' id='line_1_18' title="bbox 191 2411 1256 2511; baseline -0.001 -26"><span class='ocrx_word' id='word_1_120' title='bbox 191 2426 310 2485; x_wconf 88' lang='lat' dir='ltr'><strong>autem</strong></span> <span class='ocrx_word' id='word_1_121' title='bbox 327 2414 401 2511; x_wconf 85' lang='lat' dir='ltr'><strong>ejus</strong></span> <span class='ocrx_word' id='word_1_122' title='bbox 419 2441 437 2485; x_wconf 89' lang='lat' dir='ltr'><strong>a</strong></span> <span class='ocrx_word' id='word_1_123' title='bbox 455 2412 609 2486; x_wconf 86' lang='lat' dir='ltr'><strong>Ricardo</strong></span> <span class='ocrx_word' id='word_1_124' title='bbox 624 2411 789 2486; x_wconf 89' lang='lat' dir='ltr'><strong>Herluini</strong></span> <span class='ocrx_word' id='word_1_125' title='bbox 807 2413 901 2500; x_wconf 86' lang='lat' dir='ltr'><strong>lilio,</strong></span> <span class='ocrx_word' id='word_1_126' title='bbox 925 2413 1081 2511; x_wconf 85' lang='lat' dir='ltr'><strong>ejusdem</strong></span> <span class='ocrx_word' id='word_1_127' title='bbox 1101 2412 1256 2485; x_wconf 88' lang='lat' dir='ltr'><strong>ecclesiae</strong></span> 
     </span>
     <span class='ocr_line' id='line_1_19' title="bbox 192 2528 1256 2627; baseline -0.004 -27"><span class='ocrx_word' id='word_1_128' title='bbox 192 2529 384 2615; x_wconf 88' lang='lat' dir='ltr'><strong>canonico,</strong></span> <span class='ocrx_word' id='word_1_129' title='bbox 401 2528 538 2602; x_wconf 87' lang='lat' dir='ltr'><strong>editum</strong></span> <span class='ocrx_word' id='word_1_130' title='bbox 556 2544 629 2616; x_wconf 84' lang='lat' dir='ltr'><strong>est,</strong></span> <span class='ocrx_word' id='word_1_131' title='bbox 648 2544 685 2602; x_wconf 92' lang='lat' dir='ltr'><strong>et</strong></span> <span class='ocrx_word' id='word_1_132' title='bbox 699 2555 806 2627; x_wconf 90' lang='lat' dir='ltr'><strong>super</strong></span> <span class='ocrx_word' id='word_1_133' title='bbox 819 2531 936 2627; x_wconf 90' lang='lat' dir='ltr'><strong>ipsum</strong></span> <span class='ocrx_word' id='word_1_134' title='bbox 949 2531 988 2602; x_wconf 90' lang='lat' dir='ltr'><strong>in</strong></span> <span class='ocrx_word' id='word_1_135' title='bbox 1000 2529 1101 2627; x_wconf 90' lang='lat' dir='ltr'><strong>cupri</strong></span> <span class='ocrx_word' id='word_1_136' title='bbox 1116 2528 1256 2600; x_wconf 91' lang='lat' dir='ltr'><strong>laminis</strong></span> 
     </span>
     <span class='ocr_line' id='line_1_20' title="bbox 192 2647 692 2746; baseline 0 -29"><span class='ocrx_word' id='word_1_137' title='bbox 192 2670 232 2717; x_wconf 82' lang='lat' dir='ltr'><strong>ex</strong></span> <span class='ocrx_word' id='word_1_138' title='bbox 249 2671 339 2720; x_wconf 92' lang='lat' dir='ltr'><strong>auro</strong></span> <span class='ocrx_word' id='word_1_139' title='bbox 355 2647 405 2718; x_wconf 86' lang='lat' dir='ltr'><strong>sic</strong></span> <span class='ocrx_word' id='word_1_140' title='bbox 423 2647 599 2746; x_wconf 85' lang='lat' dir='ltr'><strong>scriptum</strong></span> <span class='ocrx_word' id='word_1_141' title='bbox 616 2661 692 2719; x_wconf 88' lang='lat' dir='ltr'><strong>est:</strong></span> 
     </span>
    </p>
   </div>
   <div class='ocr_carea' id='block_1_4' title="bbox 326 2806 1072 3509">
    <p class='ocr_par' dir='ltr' id='par_1_4' title="bbox 329 2806 925 2976">
     <span class='ocr_line' id='line_1_21' title="bbox 329 2806 925 2888; baseline 0.002 -20"><span class='ocrx_word' id='word_1_142' title='bbox 329 2813 452 2868; x_wconf 84' lang='lat' dir='ltr'><strong>Humani</strong></span> <span class='ocrx_word' id='word_1_143' title='bbox 466 2806 546 2882; x_wconf 85' lang='lat' dir='ltr'><strong>cives,</strong></span> <span class='ocrx_word' id='word_1_144' title='bbox 561 2813 709 2887; x_wconf 80' lang='lat' dir='ltr'><strong>lacrymam</strong></span> <span class='ocrx_word' id='word_1_145' title='bbox 724 2813 810 2869; x_wconf 90' lang='lat' dir='ltr'><strong>nolite</strong></span> <span class='ocrx_word' id='word_1_146' title='bbox 824 2832 925 2888; x_wconf 82' lang='lat' dir='ltr'><strong>negare</strong></span> 
     </span>
     <span class='ocr_line' id='line_1_22' title="bbox 365 2902 907 2976; baseline -0.007 -17"><span class='ocrx_word' id='word_1_147' title='bbox 365 2902 467 2959; x_wconf 80' lang='lat' dir='ltr'><strong>Vestro</strong></span> <span class='ocrx_word' id='word_1_148' title='bbox 479 2902 605 2976; x_wconf 86' lang='lat' dir='ltr'><strong>pontifici</strong></span> <span class='ocrx_word' id='word_1_149' title='bbox 616 2904 748 2958; x_wconf 83' lang='lat' dir='ltr'><strong>Maurilio</strong></span> <span class='ocrx_word' id='word_1_150' title='bbox 762 2904 907 2959; x_wconf 86' lang='lat' dir='ltr'><strong>monacho.</strong></span> 
     </span>
    </p>

    <p class='ocr_par' dir='ltr' id='par_1_5' title="bbox 329 2992 1022 3157">
     <span class='ocr_line' id='line_1_23' title="bbox 329 2992 1022 3068; baseline 0 -21"><span class='ocrx_word' id='word_1_151' title='bbox 329 2993 411 3047; x_wconf 88' lang='lat' dir='ltr'><strong>Hunc</strong></span> <span class='ocrx_word' id='word_1_152' title='bbox 425 2992 521 3047; x_wconf 84' lang='lat' dir='ltr'><strong>Remis</strong></span> <span class='ocrx_word' id='word_1_153' title='bbox 535 2995 645 3066; x_wconf 82' lang='lat' dir='ltr'><strong>genuit,</strong></span> <span class='ocrx_word' id='word_1_154' title='bbox 661 2993 818 3048; x_wconf 85' lang='lat' dir='ltr'><strong>studiorum</strong></span> <span class='ocrx_word' id='word_1_155' title='bbox 830 2995 914 3068; x_wconf 80' lang='lat' dir='ltr'><strong>Legio</strong></span> <span class='ocrx_word' id='word_1_156' title='bbox 927 2995 1022 3048; x_wconf 81' lang='lat' dir='ltr'><strong>nutrix</strong></span> 
     </span>
     <span class='ocr_line' id='line_1_24' title="bbox 362 3082 883 3157; baseline 0.006 -21"><span class='ocrx_word' id='word_1_157' title='bbox 362 3083 471 3137; x_wconf 87' lang='lat' dir='ltr'><strong>Potavit</strong></span> <span class='ocrx_word' id='word_1_158' title='bbox 483 3082 578 3139; x_wconf 83' lang='lat' dir='ltr'><strong>trifido</strong></span> <span class='ocrx_word' id='word_1_159' title='bbox 591 3084 667 3139; x_wconf 78' lang='lat' dir='ltr'><strong>sonte</strong></span> <span class='ocrx_word' id='word_1_160' title='bbox 680 3083 883 3157; x_wconf 67' lang='lat' dir='ltr'><strong>philosophico⁴</strong></span> 
     </span>
    </p>

    <p class='ocr_par' dir='ltr' id='par_1_6' title="bbox 331 3171 1072 3335">
     <span class='ocr_line' id='line_1_25' title="bbox 331 3171 1072 3248; baseline 0.001 -23"><span class='ocrx_word' id='word_1_161' title='bbox 331 3171 419 3226; x_wconf 83' lang='lat' dir='ltr'><strong>Vobis</strong></span> <span class='ocrx_word' id='word_1_162' title='bbox 431 3172 504 3226; x_wconf 90' lang='lat' dir='ltr'><strong>hanc</strong></span> <span class='ocrx_word' id='word_1_163' title='bbox 516 3173 601 3228; x_wconf 73' lang='lat' dir='ltr'><strong>adem</strong></span> <span class='ocrx_word' id='word_1_164' title='bbox 611 3184 729 3247; x_wconf 87' lang='lat' dir='ltr'><strong>coeptam</strong></span> <span class='ocrx_word' id='word_1_165' title='bbox 742 3174 873 3248; x_wconf 82' lang='lat' dir='ltr'><strong>perduxit</strong></span> <span class='ocrx_word' id='word_1_166' title='bbox 884 3174 920 3229; x_wconf 86' lang='lat' dir='ltr'><strong>ad</strong></span> <span class='ocrx_word' id='word_1_167' title='bbox 933 3191 1055 3247; x_wconf 86' lang='lat' dir='ltr'><strong>unguem</strong></span> <span class='ocrx_word' id='word_1_168' title='bbox 1066 3197 1072 3237; x_wconf 74' lang='lat'>3</span> 
     </span>
     <span class='ocr_line' id='line_1_26' title="bbox 362 3262 835 3335; baseline 0 -19"><span class='ocrx_word' id='word_1_169' title='bbox 362 3262 466 3316; x_wconf 69' lang='lat' dir='ltr'><strong>laetitia</strong></span> <span class='ocrx_word' id='word_1_170' title='bbox 478 3280 577 3335; x_wconf 82' lang='lat' dir='ltr'><strong>magna</strong></span> <span class='ocrx_word' id='word_1_171' title='bbox 590 3263 655 3318; x_wconf 87' lang='lat' dir='ltr'><strong>lecit</strong></span> <span class='ocrx_word' id='word_1_172' title='bbox 667 3273 695 3318; x_wconf 89' lang='lat' dir='ltr'><strong>et</strong></span> <span class='ocrx_word' id='word_1_173' title='bbox 707 3264 835 3318; x_wconf 74' lang='lat' dir='ltr'><strong>encenia.</strong></span> 
     </span>
    </p>

    <p class='ocr_par' dir='ltr' id='par_1_7' title="bbox 326 3350 1068 3509">
     <span class='ocr_line' id='line_1_27' title="bbox 326 3350 1068 3428; baseline -0.003 -22"><span class='ocrx_word' id='word_1_174' title='bbox 326 3350 399 3406; x_wconf 89' lang='lat' dir='ltr'><strong>Cum</strong></span> <span class='ocrx_word' id='word_1_175' title='bbox 410 3350 472 3420; x_wconf 88' lang='lat' dir='ltr'><strong>tibi,</strong></span> <span class='ocrx_word' id='word_1_176' title='bbox 485 3353 626 3421; x_wconf 83' lang='lat' dir='ltr'><strong>Laurenti,</strong></span> <span class='ocrx_word' id='word_1_177' title='bbox 642 3353 738 3428; x_wconf 81' lang='lat' dir='ltr'><strong>vigilat</strong></span> <span class='ocrx_word' id='word_1_178' title='bbox 751 3353 828 3427; x_wconf 84' lang='lat' dir='ltr'><strong>plebe</strong></span> <span class='ocrx_word' id='word_1_179' title='bbox 841 3351 934 3408; x_wconf 83' lang='lat' dir='ltr'><strong>sobria</strong></span> <span class='ocrx_word' id='word_1_180' title='bbox 947 3351 1068 3416; x_wconf 83' lang='lat' dir='ltr'><strong>Christi,</strong></span> 
     </span>
     <span class='ocr_line' id='line_1_28' title="bbox 364 3440 941 3509; baseline 0 -15"><span class='ocrx_word' id='word_1_181' title='bbox 364 3441 489 3509; x_wconf 84' lang='lat' dir='ltr'><strong>Transit,</strong></span> <span class='ocrx_word' id='word_1_182' title='bbox 504 3453 533 3496; x_wconf 91' lang='lat' dir='ltr'><strong>et</strong></span> <span class='ocrx_word' id='word_1_183' title='bbox 546 3442 576 3496; x_wconf 90' lang='lat' dir='ltr'><strong>in</strong></span> <span class='ocrx_word' id='word_1_184' title='bbox 589 3443 665 3498; x_wconf 87' lang='lat' dir='ltr'><strong>coelis</strong></span> <span class='ocrx_word' id='word_1_185' title='bbox 677 3443 770 3498; x_wconf 85' lang='lat' dir='ltr'><strong>laurea</strong></span> <span class='ocrx_word' id='word_1_186' title='bbox 785 3442 853 3497; x_wconf 84' lang='lat' dir='ltr'><strong>testa</strong></span> <span class='ocrx_word' id='word_1_187' title='bbox 865 3440 941 3496; x_wconf 91' lang='lat' dir='ltr'><strong>colit.</strong></span> 
     </span>
    </p>
   </div>
   <div class='ocr_carea' id='block_1_5' title="bbox 192 3750 1253 4272">
    <p class='ocr_par' dir='ltr' id='par_1_8' title="bbox 192 3750 1253 3982">
     <span class='ocr_line' id='line_1_29' title="bbox 224 3750 1253 3825; baseline 0.001 -22"><span class='ocrx_word' id='word_1_188' title='bbox 224 3754 261 3822; x_wconf 78' lang='lat' dir='ltr'><strong>(a)</strong></span> <span class='ocrx_word' id='word_1_189' title='bbox 280 3751 315 3805; x_wconf 81' lang='lat' dir='ltr'><strong>La</strong></span> <span class='ocrx_word' id='word_1_190' title='bbox 326 3750 417 3806; x_wconf 86' lang='lat' dir='ltr'><strong>uelde</strong></span> <span class='ocrx_word' id='word_1_191' title='bbox 430 3762 502 3808; x_wconf 87' lang='lat' dir='ltr'><strong>cette</strong></span> <span class='ocrx_word' id='word_1_192' title='bbox 515 3752 609 3825; x_wconf 73' lang='lat' dir='ltr'><strong>eglise,</strong></span> <span class='ocrx_word' id='word_1_193' title='bbox 622 3751 692 3806; x_wconf 88' lang='lat' dir='ltr'><strong>dont</strong></span> <span class='ocrx_word' id='word_1_194' title='bbox 704 3751 729 3807; x_wconf 89' lang='lat' dir='ltr'><strong>la</strong></span> <span class='ocrx_word' id='word_1_195' title='bbox 742 3752 931 3808; x_wconf 86' lang='lat' dir='ltr'><strong>construction</strong></span> <span class='ocrx_word' id='word_1_196' title='bbox 941 3751 1012 3805; x_wconf 82' lang='lat' dir='ltr'><strong>avait</strong></span> <span class='ocrx_word' id='word_1_197' title='bbox 1023 3751 1068 3805; x_wconf 76' lang='lat' dir='ltr'><strong>ete</strong></span> <span class='ocrx_word' id='word_1_198' title='bbox 1078 3752 1253 3804; x_wconf 78' lang='lat' dir='ltr'><strong>commencee</strong></span> 
     </span>
     <span class='ocr_line' id='line_1_30' title="bbox 193 3838 1253 3914; baseline -0.002 -21"><span class='ocrx_word' id='word_1_199' title='bbox 193 3856 239 3909; x_wconf 83' lang='lat' dir='ltr'><strong>par</strong></span> <span class='ocrx_word' id='word_1_200' title='bbox 251 3838 359 3895; x_wconf 85' lang='lat' dir='ltr'><strong>Robert</strong></span> <span class='ocrx_word' id='word_1_201' title='bbox 369 3840 524 3914; x_wconf 85' lang='lat' dir='ltr'><strong>Champert</strong></span> <span class='ocrx_word' id='word_1_202' title='bbox 534 3860 569 3896; x_wconf 89' lang='lat' dir='ltr'><strong>en</strong></span> <span class='ocrx_word' id='word_1_203' title='bbox 585 3846 660 3909; x_wconf 75' lang='lat'>1040,</span> <span class='ocrx_word' id='word_1_204' title='bbox 676 3852 718 3896; x_wconf 85' lang='lat' dir='ltr'><strong>cst</strong></span> <span class='ocrx_word' id='word_1_205' title='bbox 730 3842 756 3896; x_wconf 90' lang='lat' dir='ltr'><strong>la</strong></span> <span class='ocrx_word' id='word_1_206' title='bbox 768 3841 858 3897; x_wconf 72' lang='lat' dir='ltr'><strong>meme</strong></span> <span class='ocrx_word' id='word_1_207' title='bbox 872 3840 941 3896; x_wconf 91' lang='lat' dir='ltr'><strong>dont</strong></span> <span class='ocrx_word' id='word_1_208' title='bbox 951 3840 989 3895; x_wconf 88' lang='lat' dir='ltr'><strong>les</strong></span> <span class='ocrx_word' id='word_1_209' title='bbox 1000 3839 1094 3894; x_wconf 90' lang='lat' dir='ltr'><strong>ruiues</strong></span> <span class='ocrx_word' id='word_1_210' title='bbox 1104 3838 1253 3892; x_wconf 85' lang='lat' dir='ltr'><strong>subsistent</strong></span> 
     </span>
     <span class='ocr_line' id='line_1_31' title="bbox 192 3943 297 3982; baseline 0.01 -1"><span class='ocrx_word' id='word_1_211' title='bbox 192 3943 297 3982; x_wconf 81' lang='lat' dir='ltr'><strong>encore.</strong></span> 
     </span>
    </p>

    <p class='ocr_par' dir='ltr' id='par_1_9' title="bbox 192 4015 1253 4272">
     <span class='ocr_line' id='line_1_32' title="bbox 222 4015 1253 4093; baseline -0.001 -23"><span class='ocrx_word' id='word_1_212' title='bbox 222 4018 260 4087; x_wconf 80' lang='lat' dir='ltr'><strong>(a)</strong></span> <span class='ocrx_word' id='word_1_213' title='bbox 277 4015 325 4073; x_wconf 91' lang='lat' dir='ltr'><strong>On</strong></span> <span class='ocrx_word' id='word_1_214' title='bbox 337 4018 390 4072; x_wconf 83' lang='lat' dir='ltr'><strong>sait</strong></span> <span class='ocrx_word' id='word_1_215' title='bbox 401 4036 457 4092; x_wconf 90' lang='lat' dir='ltr'><strong>que</strong></span> <span class='ocrx_word' id='word_1_216' title='bbox 468 4037 513 4073; x_wconf 86' lang='lat' dir='ltr'><strong>ces</strong></span> <span class='ocrx_word' id='word_1_217' title='bbox 525 4031 596 4074; x_wconf 89' lang='lat' dir='ltr'><strong>mots</strong></span> <span class='ocrx_word' id='word_1_218' title='bbox 610 4019 757 4093; x_wconf 77' lang='lat' dir='ltr'><strong>designent</strong></span> <span class='ocrx_word' id='word_1_219' title='bbox 774 4019 899 4092; x_wconf 84' lang='lat' dir='ltr'><strong>toujours</strong></span> <span class='ocrx_word' id='word_1_220' title='bbox 918 4018 944 4073; x_wconf 89' lang='lat' dir='ltr'><strong>le</strong></span> <span class='ocrx_word' id='word_1_221' title='bbox 957 4017 1071 4072; x_wconf 74' lang='lat' dir='ltr'><strong>crucilia</strong></span> <span class='ocrx_word' id='word_1_222' title='bbox 1085 4016 1160 4089; x_wconf 77' lang='lat' dir='ltr'><strong>place</strong></span> <span class='ocrx_word' id='word_1_223' title='bbox 1174 4024 1253 4069; x_wconf 88' lang='lat' dir='ltr'><strong>entre</strong></span> 
     </span>
     <span class='ocr_line' id='line_1_33' title="bbox 192 4102 1252 4180; baseline 0 -22"><span class='ocrx_word' id='word_1_224' title='bbox 192 4102 320 4161; x_wconf 84' lang='lat' dir='ltr'><strong>lechoeur</strong></span> <span class='ocrx_word' id='word_1_225' title='bbox 332 4116 362 4162; x_wconf 87' lang='lat' dir='ltr'><strong>et</strong></span> <span class='ocrx_word' id='word_1_226' title='bbox 373 4106 399 4161; x_wconf 85' lang='lat' dir='ltr'><strong>la</strong></span> <span class='ocrx_word' id='word_1_227' title='bbox 408 4108 464 4163; x_wconf 84' lang='lat' dir='ltr'><strong>nel.</strong></span> <span class='ocrx_word' id='word_1_228' title='bbox 478 4109 553 4164; x_wconf 88' lang='lat' dir='ltr'><strong>C&#39;est</strong></span> <span class='ocrx_word' id='word_1_229' title='bbox 564 4128 600 4164; x_wconf 89' lang='lat' dir='ltr'><strong>en</strong></span> <span class='ocrx_word' id='word_1_230' title='bbox 613 4109 677 4166; x_wconf 85' lang='lat' dir='ltr'><strong>effet</strong></span> <span class='ocrx_word' id='word_1_231' title='bbox 688 4120 767 4166; x_wconf 88' lang='lat' dir='ltr'><strong>entre</strong></span> <span class='ocrx_word' id='word_1_232' title='bbox 776 4111 802 4164; x_wconf 90' lang='lat' dir='ltr'><strong>le</strong></span> <span class='ocrx_word' id='word_1_233' title='bbox 812 4111 909 4165; x_wconf 86' lang='lat' dir='ltr'><strong>choeur</strong></span> <span class='ocrx_word' id='word_1_234' title='bbox 919 4119 948 4164; x_wconf 89' lang='lat' dir='ltr'><strong>et</strong></span> <span class='ocrx_word' id='word_1_235' title='bbox 959 4108 985 4163; x_wconf 89' lang='lat' dir='ltr'><strong>la</strong></span> <span class='ocrx_word' id='word_1_236' title='bbox 997 4108 1046 4162; x_wconf 83' lang='lat' dir='ltr'><strong>nel</strong></span> <span class='ocrx_word' id='word_1_237' title='bbox 1056 4105 1208 4180; x_wconf 88' lang='lat' dir='ltr'><strong>principale</strong></span> <span class='ocrx_word' id='word_1_238' title='bbox 1216 4104 1252 4158; x_wconf 90' lang='lat' dir='ltr'><strong>de</strong></span> 
     </span>
     <span class='ocr_line' id='line_1_34' title="bbox 193 4189 1252 4272; baseline 0 -23"><span class='ocrx_word' id='word_1_239' title='bbox 193 4189 216 4247; x_wconf 79' lang='lat' dir='ltr'><strong>la</strong></span> <span class='ocrx_word' id='word_1_240' title='bbox 227 4195 384 4252; x_wconf 74' lang='lat' dir='ltr'><strong>cathedrale</strong></span> <span class='ocrx_word' id='word_1_241' title='bbox 400 4197 435 4252; x_wconf 90' lang='lat' dir='ltr'><strong>de</strong></span> <span class='ocrx_word' id='word_1_242' title='bbox 447 4198 546 4254; x_wconf 81' lang='lat' dir='ltr'><strong>llouen</strong></span> <span class='ocrx_word' id='word_1_243' title='bbox 559 4217 613 4272; x_wconf 84' lang='lat' dir='ltr'><strong>que</strong></span> <span class='ocrx_word' id='word_1_244' title='bbox 623 4200 666 4255; x_wconf 83' lang='lat' dir='ltr'><strong>lut</strong></span> <span class='ocrx_word' id='word_1_245' title='bbox 678 4202 788 4256; x_wconf 76' lang='lat' dir='ltr'><strong>cnterre</strong></span> <span class='ocrx_word' id='word_1_246' title='bbox 806 4199 936 4266; x_wconf 85' lang='lat' dir='ltr'><strong>Maurile‚</strong></span> <span class='ocrx_word' id='word_1_247' title='bbox 952 4215 1059 4253; x_wconf 88' lang='lat' dir='ltr'><strong>comme</strong></span> <span class='ocrx_word' id='word_1_248' title='bbox 1073 4196 1188 4252; x_wconf 81' lang='lat' dir='ltr'><strong>l‘attestc</strong></span> <span class='ocrx_word' id='word_1_249' title='bbox 1202 4212 1252 4250; x_wconf 88' lang='lat' dir='ltr'><strong>en-</strong></span> 
     </span>
    </p>
   </div>
   <div class='ocr_carea' id='block_1_6' title="bbox 0 0 1460 4980">
    <p class='ocr_par' dir='ltr' id='par_1_10' title="bbox 0 0 1460 4980">
     <span class='ocr_line' id='line_1_35' title="bbox 0 0 1460 4980; baseline 0 0"><span class='ocrx_word' id='word_1_250' title='bbox 0 0 1460 4980; x_wconf 95' lang='lat' dir='ltr'><strong> </strong></span> 
     </span>
    </p>
   </div>
  </div>
 </body>
</html>
