<?xml version="1.0" encoding="UTF-8"?>
<!DOCTYPE html PUBLIC "-//W3C//DTD XHTML 1.0 Transitional//EN"
    "http://www.w3.org/TR/xhtml1/DTD/xhtml1-transitional.dtd">
<html xmlns="http://www.w3.org/1999/xhtml" xml:lang="en" lang="en">
 <head>
  <title>
</title>
<meta http-equiv="Content-Type" content="text/html;charset=utf-8" />
  <meta name='ocr-system' content='tesseract 3.04.00' />
  <meta name='ocr-capabilities' content='ocr_page ocr_carea ocr_par ocr_line ocrx_word'/>
</head>
<body>
  <div class='ocr_page' id='page_1' title='image "./ordericivitalis01deligoog_0096.png"; bbox 0 0 2926 4980; ppageno 0'>
   <div class='ocr_carea' id='block_1_1' title="bbox 196 450 1263 537">
    <p class='ocr_par' dir='ltr' id='par_1_1' title="bbox 196 450 1263 537">
     <span class='ocr_line' id='line_1_1' title="bbox 196 450 1263 537; baseline -0.012 -16"><span class='ocrx_word' id='word_1_1' title='bbox 196 455 403 537; x_wconf 73' lang='lat' dir='ltr'><strong>[toti-106³]</strong></span> <span class='ocrx_word' id='word_1_2' title='bbox 566 450 684 514; x_wconf 77' lang='lat' dir='ltr'><strong>tmen</strong></span> <span class='ocrx_word' id='word_1_3' title='bbox 704 450 883 513; x_wconf 75' lang='lat' dir='ltr'><strong>TERTIUS.</strong></span> <span class='ocrx_word' id='word_1_4' title='bbox 1223 461 1263 520; x_wconf 80' lang='lat'><strong>83</strong></span> 
     </span>
    </p>
   </div>
   <div class='ocr_carea' id='block_1_2' title="bbox 195 569 1299 3944">
    <p class='ocr_par' dir='ltr' id='par_1_2' title="bbox 195 569 1297 3470">
     <span class='ocr_line' id='line_1_2' title="bbox 195 569 1265 677; baseline 0.001 -26"><span class='ocrx_word' id='word_1_5' title='bbox 195 602 285 651; x_wconf 79' lang='lat' dir='ltr'><strong>etam</strong></span> <span class='ocrx_word' id='word_1_6' title='bbox 294 590 453 677; x_wconf 89' lang='lat' dir='ltr'><strong>quatuor</strong></span> <span class='ocrx_word' id='word_1_7' title='bbox 462 569 640 646; x_wconf 74' lang='lat' dir='ltr'><strong>militibus</strong></span> <span class='ocrx_word' id='word_1_8' title='bbox 651 571 870 647; x_wconf 85' lang='lat' dir='ltr'><strong>Escalfoium</strong></span> <span class='ocrx_word' id='word_1_9' title='bbox 881 573 996 662; x_wconf 78' lang='lat' dir='ltr'><strong>venit,</strong></span> <span class='ocrx_word' id='word_1_10' title='bbox 1011 589 1047 648; x_wconf 88' lang='lat' dir='ltr'><strong>et</strong></span> <span class='ocrx_word' id='word_1_11' title='bbox 1060 575 1098 647; x_wconf 93' lang='lat' dir='ltr'><strong>in</strong></span> <span class='ocrx_word' id='word_1_12' title='bbox 1108 592 1265 652; x_wconf 79' lang='lat' dir='ltr'>castrum</span> 
     </span>
     <span class='ocr_line' id='line_1_3' title="bbox 198 690 1264 790; baseline -0.001 -21"><span class='ocrx_word' id='word_1_13' title='bbox 198 718 286 769; x_wconf 85' lang='lat' dir='ltr'><strong>cum</strong></span> <span class='ocrx_word' id='word_1_14' title='bbox 302 693 375 767; x_wconf 88' lang='lat' dir='ltr'><strong>suis</strong></span> <span class='ocrx_word' id='word_1_15' title='bbox 391 691 483 763; x_wconf 90' lang='lat' dir='ltr'><strong>elam</strong></span> <span class='ocrx_word' id='word_1_16' title='bbox 505 691 705 789; x_wconf 83' lang='lat' dir='ltr'><strong>ingressus,</strong></span> <span class='ocrx_word' id='word_1_17' title='bbox 731 690 768 761; x_wconf 89' lang='lat' dir='ltr'><strong>in</strong></span> <span class='ocrx_word' id='word_1_18' title='bbox 787 714 953 790; x_wconf 87' lang='lat' dir='ltr'><strong>magnam</strong></span> <span class='ocrx_word' id='word_1_19' title='bbox 970 690 1264 769; x_wconf 79' lang='lat' dir='ltr'><strong>vociferationem</strong></span> 
     </span>
     <span class='ocr_line' id='line_1_4' title="bbox 202 804 1269 913; baseline 0.003 -32"><span class='ocrx_word' id='word_1_20' title='bbox 202 808 385 911; x_wconf 77' lang='lat' dir='ltr'><strong>prorupit.</strong></span> <span class='ocrx_word' id='word_1_21' title='bbox 411 806 528 900; x_wconf 87' lang='lat' dir='ltr'><strong>Quam</strong></span> <span class='ocrx_word' id='word_1_22' title='bbox 549 820 590 877; x_wconf 93' lang='lat' dir='ltr'><strong>ut</strong></span> <span class='ocrx_word' id='word_1_23' title='bbox 608 829 655 877; x_wconf 80' lang='lat' dir='ltr'><strong>ux</strong></span> <span class='ocrx_word' id='word_1_24' title='bbox 676 805 808 878; x_wconf 76' lang='lat' dir='ltr'><strong>milites</strong></span> <span class='ocrx_word' id='word_1_25' title='bbox 824 804 924 878; x_wconf 89' lang='lat' dir='ltr'><strong>ducis</strong></span> <span class='ocrx_word' id='word_1_26' title='bbox 945 805 1157 899; x_wconf 89' lang='lat' dir='ltr'><strong>audierunt,</strong></span> <span class='ocrx_word' id='word_1_27' title='bbox 1174 839 1269 913; x_wconf 91' lang='lat' dir='ltr'><strong>mag-</strong></span> 
     </span>
     <span class='ocr_line' id='line_1_5' title="bbox 206 919 1271 1022; baseline 0.002 -23"><span class='ocrx_word' id='word_1_28' title='bbox 206 952 300 999; x_wconf 89' lang='lat' dir='ltr'><strong>num</strong></span> <span class='ocrx_word' id='word_1_29' title='bbox 318 951 401 997; x_wconf 90' lang='lat' dir='ltr'><strong>cum</strong></span> <span class='ocrx_word' id='word_1_30' title='bbox 415 921 574 996; x_wconf 84' lang='lat' dir='ltr'><strong>Erualdo</strong></span> <span class='ocrx_word' id='word_1_31' title='bbox 590 922 787 994; x_wconf 84' lang='lat' dir='ltr'><strong>exercitum</strong></span> <span class='ocrx_word' id='word_1_32' title='bbox 804 919 922 995; x_wconf 85' lang='lat' dir='ltr'><strong>adesse</strong></span> <span class='ocrx_word' id='word_1_33' title='bbox 942 939 1162 1022; x_wconf 82' lang='lat' dir='ltr'><strong>putaverunt</strong></span> <span class='ocrx_word' id='word_1_34' title='bbox 1168 981 1180 1016; x_wconf 93' lang='lat'><strong>,</strong></span> <span class='ocrx_word' id='word_1_35' title='bbox 1201 942 1271 1002; x_wconf 89' lang='lat' dir='ltr'><strong>ter·</strong></span> 
     </span>
     <span class='ocr_line' id='line_1_6' title="bbox 206 1018 1272 1144; baseline 0.004 -29"><span class='ocrx_word' id='word_1_36' title='bbox 206 1018 358 1144; x_wconf 74' lang='lat' dir='ltr'><strong>ritique,</strong></span> <span class='ocrx_word' id='word_1_37' title='bbox 368 1055 522 1112; x_wconf 78' lang='lat' dir='ltr'><strong>castrum</strong></span> <span class='ocrx_word' id='word_1_38' title='bbox 533 1036 1272 1144; x_wconf 88' lang='lat' dir='ltr'><strong>quodcustodiredebebantrelinquentes,</strong></span> 
     </span>
     <span class='ocr_line' id='line_1_7' title="bbox 205 1152 1274 1261; baseline 0.004 -30"><span class='ocrx_word' id='word_1_39' title='bbox 205 1157 441 1259; x_wconf 78' lang='lat' dir='ltr'><strong>aufugerunt.</strong></span> <span class='ocrx_word' id='word_1_40' title='bbox 461 1158 514 1227; x_wconf 87' lang='lat' dir='ltr'><strong>At</strong></span> <span class='ocrx_word' id='word_1_41' title='bbox 531 1153 590 1226; x_wconf 87' lang='lat' dir='ltr'><strong>ille</strong></span> <span class='ocrx_word' id='word_1_42' title='bbox 611 1152 729 1254; x_wconf 82' lang='lat' dir='ltr'><strong>ignem</strong></span> <span class='ocrx_word' id='word_1_43' title='bbox 748 1154 887 1252; x_wconf 85' lang='lat' dir='ltr'><strong>injecit,</strong></span> <span class='ocrx_word' id='word_1_44' title='bbox 907 1170 945 1228; x_wconf 88' lang='lat' dir='ltr'><strong>et</strong></span> <span class='ocrx_word' id='word_1_45' title='bbox 959 1154 1132 1231; x_wconf 85' lang='lat' dir='ltr'><strong>damutnu</strong></span> <span class='ocrx_word' id='word_1_46' title='bbox 1150 1162 1274 1261; x_wconf 87' lang='lat' dir='ltr'><strong>ingens</strong></span> 
     </span>
     <span class='ocr_line' id='line_1_8' title="bbox 207 1258 1276 1377; baseline 0.003 -30"><span class='ocrx_word' id='word_1_47' title='bbox 207 1258 375 1351; x_wconf 76' lang='lat' dir='ltr'><strong>bostibus</strong></span> <span class='ocrx_word' id='word_1_48' title='bbox 390 1272 462 1343; x_wconf 90' lang='lat' dir='ltr'><strong>suis</strong></span> <span class='ocrx_word' id='word_1_49' title='bbox 480 1269 617 1342; x_wconf 86' lang='lat' dir='ltr'><strong>intulit.</strong></span> <span class='ocrx_word' id='word_1_50' title='bbox 634 1271 795 1370; x_wconf 86' lang='lat' dir='ltr'><strong>Burgum</strong></span> <span class='ocrx_word' id='word_1_51' title='bbox 812 1293 958 1370; x_wconf 86' lang='lat' dir='ltr'><strong>quoqne</strong></span> <span class='ocrx_word' id='word_1_52' title='bbox 971 1272 1176 1348; x_wconf 80' lang='lat' dir='ltr'><strong>Uticensem</strong></span> <span class='ocrx_word' id='word_1_53' title='bbox 1195 1279 1276 1377; x_wconf 84' lang='lat' dir='ltr'><strong>igne</strong></span> 
     </span>
     <span class='ocr_line' id='line_1_9' title="bbox 207 1387 1278 1486; baseline 0.007 -27"><span class='ocrx_word' id='word_1_54' title='bbox 207 1388 425 1476; x_wconf 75' lang='lat' dir='ltr'><strong>ambussit,</strong></span> <span class='ocrx_word' id='word_1_55' title='bbox 448 1403 486 1461; x_wconf 90' lang='lat' dir='ltr'><strong>et</strong></span> <span class='ocrx_word' id='word_1_56' title='bbox 502 1412 567 1485; x_wconf 90' lang='lat' dir='ltr'><strong>per</strong></span> <span class='ocrx_word' id='word_1_57' title='bbox 585 1411 710 1460; x_wconf 90' lang='lat' dir='ltr'><strong>omncs</strong></span> <span class='ocrx_word' id='word_1_58' title='bbox 731 1387 880 1486; x_wconf 84' lang='lat' dir='ltr'><strong>angulos</strong></span> <span class='ocrx_word' id='word_1_59' title='bbox 898 1389 1055 1463; x_wconf 82' lang='lat' dir='ltr'><strong>ecclesiae</strong></span> <span class='ocrx_word' id='word_1_60' title='bbox 1073 1418 1156 1465; x_wconf 90' lang='lat' dir='ltr'><strong>cum</strong></span> <span class='ocrx_word' id='word_1_61' title='bbox 1177 1396 1278 1469; x_wconf 89' lang='lat' dir='ltr'><strong>satel-</strong></span> 
     </span>
     <span class='ocr_line' id='line_1_10' title="bbox 210 1501 1278 1583; baseline 0.003 -5"><span class='ocrx_word' id='word_1_62' title='bbox 210 1501 338 1578; x_wconf 88' lang='lat' dir='ltr'><strong>litibus</strong></span> <span class='ocrx_word' id='word_1_63' title='bbox 355 1504 428 1575; x_wconf 87' lang='lat' dir='ltr'><strong>suis</strong></span> <span class='ocrx_word' id='word_1_64' title='bbox 444 1503 562 1576; x_wconf 88' lang='lat' dir='ltr'><strong>nudos</strong></span> <span class='ocrx_word' id='word_1_65' title='bbox 579 1527 680 1575; x_wconf 79' lang='lat' dir='ltr'><strong>enses</strong></span> <span class='ocrx_word' id='word_1_66' title='bbox 700 1503 738 1575; x_wconf 89' lang='lat' dir='ltr'><strong>in</strong></span> <span class='ocrx_word' id='word_1_67' title='bbox 756 1501 891 1575; x_wconf 86' lang='lat' dir='ltr'><strong>dextris</strong></span> <span class='ocrx_word' id='word_1_68' title='bbox 906 1502 1132 1580; x_wconf 84' lang='lat' dir='ltr'><strong>vibrantibus</strong></span> <span class='ocrx_word' id='word_1_69' title='bbox 1151 1506 1278 1583; x_wconf 86' lang='lat' dir='ltr'><strong>Osber-</strong></span> 
     </span>
     <span class='ocr_line' id='line_1_11' title="bbox 210 1618 1279 1722; baseline 0.005 -26"><span class='ocrx_word' id='word_1_70' title='bbox 210 1647 304 1696; x_wconf 88' lang='lat' dir='ltr'><strong>num</strong></span> <span class='ocrx_word' id='word_1_71' title='bbox 328 1619 496 1693; x_wconf 77' lang='lat' dir='ltr'><strong>abbatem</strong></span> <span class='ocrx_word' id='word_1_72' title='bbox 520 1618 564 1692; x_wconf 91' lang='lat' dir='ltr'><strong>ad</strong></span> <span class='ocrx_word' id='word_1_73' title='bbox 588 1619 805 1695; x_wconf 91' lang='lat' dir='ltr'><strong>occisionem</strong></span> <span class='ocrx_word' id='word_1_74' title='bbox 830 1619 893 1692; x_wconf 92' lang='lat' dir='ltr'><strong>din</strong></span> <span class='ocrx_word' id='word_1_75' title='bbox 916 1624 1096 1722; x_wconf 85' lang='lat' dir='ltr'><strong>quaesivit.</strong></span> <span class='ocrx_word' id='word_1_76' title='bbox 1124 1626 1192 1700; x_wconf 87' lang='lat' dir='ltr'><strong>Sed</strong></span> <span class='ocrx_word' id='word_1_77' title='bbox 1216 1629 1279 1702; x_wconf 86' lang='lat' dir='ltr'><strong>ille</strong></span> 
     </span>
     <span class='ocr_line' id='line_1_12' title="bbox 211 1735 1280 1838; baseline 0.007 -25"><span class='ocrx_word' id='word_1_78' title='bbox 211 1739 281 1814; x_wconf 83' lang='lat' dir='ltr'><strong>Dei</strong></span> <span class='ocrx_word' id='word_1_79' title='bbox 300 1753 396 1811; x_wconf 91' lang='lat' dir='ltr'><strong>nutu</strong></span> <span class='ocrx_word' id='word_1_80' title='bbox 411 1735 540 1810; x_wconf 82' lang='lat' dir='ltr'><strong>defuit.</strong></span> <span class='ocrx_word' id='word_1_81' title='bbox 563 1739 651 1810; x_wconf 86' lang='lat' dir='ltr'><strong>Post</strong></span> <span class='ocrx_word' id='word_1_82' title='bbox 668 1737 808 1838; x_wconf 69' lang='lat' dir='ltr'><strong>aliquot</strong></span> <span class='ocrx_word' id='word_1_83' title='bbox 825 1753 943 1811; x_wconf 92' lang='lat' dir='ltr'><strong>autem</strong></span> <span class='ocrx_word' id='word_1_84' title='bbox 960 1739 1035 1813; x_wconf 92' lang='lat' dir='ltr'><strong>dies</strong></span> <span class='ocrx_word' id='word_1_85' title='bbox 1053 1741 1280 1820; x_wconf 84' lang='lat' dir='ltr'><strong>Hermannus</strong></span> 
     </span>
     <span class='ocr_line' id='line_1_13' title="bbox 210 1853 1280 1964; baseline 0.007 -37"><span class='ocrx_word' id='word_1_86' title='bbox 210 1854 426 1931; x_wconf 72' lang='lat' dir='ltr'><strong>cellararius</strong></span> <span class='ocrx_word' id='word_1_87' title='bbox 442 1853 641 1927; x_wconf 86' lang='lat' dir='ltr'><strong>Ernaldum</strong></span> <span class='ocrx_word' id='word_1_88' title='bbox 656 1854 827 1951; x_wconf 87' lang='lat' dir='ltr'><strong>privatim</strong></span> <span class='ocrx_word' id='word_1_89' title='bbox 839 1853 949 1944; x_wconf 87' lang='lat' dir='ltr'><strong>adiit,</strong></span> <span class='ocrx_word' id='word_1_90' title='bbox 975 1859 1163 1959; x_wconf 88' lang='lat' dir='ltr'><strong>ipsumque</strong></span> <span class='ocrx_word' id='word_1_91' title='bbox 1181 1863 1280 1964; x_wconf 92' lang='lat' dir='ltr'><strong>quod</strong></span> 
     </span>
     <span class='ocr_line' id='line_1_14' title="bbox 210 1964 1283 2070; baseline 0.003 -23"><span class='ocrx_word' id='word_1_92' title='bbox 210 1964 412 2058; x_wconf 85' lang='lat' dir='ltr'><strong>abbatiam,</strong></span> <span class='ocrx_word' id='word_1_93' title='bbox 425 1996 534 2070; x_wconf 89' lang='lat' dir='ltr'><strong>quam</strong></span> <span class='ocrx_word' id='word_1_94' title='bbox 546 1984 649 2068; x_wconf 90' lang='lat' dir='ltr'><strong>pater</strong></span> <span class='ocrx_word' id='word_1_95' title='bbox 661 1995 746 2041; x_wconf 90' lang='lat' dir='ltr'><strong>suus</strong></span> <span class='ocrx_word' id='word_1_96' title='bbox 758 1995 827 2069; x_wconf 87' lang='lat' dir='ltr'><strong>pro</strong></span> <span class='ocrx_word' id='word_1_97' title='bbox 839 1971 952 2045; x_wconf 88' lang='lat' dir='ltr'><strong>salute</strong></span> <span class='ocrx_word' id='word_1_98' title='bbox 967 1973 1097 2046; x_wconf 89' lang='lat' dir='ltr'><strong>animae</strong></span> <span class='ocrx_word' id='word_1_99' title='bbox 1109 2001 1183 2051; x_wconf 73' lang='lat' dir='ltr'><strong>suae</strong></span> <span class='ocrx_word' id='word_1_100' title='bbox 1198 2002 1283 2051; x_wconf 91' lang='lat' dir='ltr'><strong>con·</strong></span> 
     </span>
     <span class='ocr_line' id='line_1_15' title="bbox 211 2078 1281 2194; baseline 0.004 -31"><span class='ocrx_word' id='word_1_101' title='bbox 211 2078 421 2175; x_wconf 74' lang='lat' dir='ltr'><strong>struxerat,</strong></span> <span class='ocrx_word' id='word_1_102' title='bbox 435 2084 618 2162; x_wconf 87' lang='lat' dir='ltr'><strong>destruere</strong></span> <span class='ocrx_word' id='word_1_103' title='bbox 634 2085 828 2175; x_wconf 87' lang='lat' dir='ltr'><strong>niteretur,</strong></span> <span class='ocrx_word' id='word_1_104' title='bbox 854 2085 1063 2186; x_wconf 81' lang='lat' dir='ltr'><strong>benigniter</strong></span> <span class='ocrx_word' id='word_1_105' title='bbox 1082 2089 1281 2194; x_wconf 84' lang='lat' dir='ltr'><strong>redarguit.</strong></span> 
     </span>
     <span class='ocr_line' id='line_1_16' title="bbox 213 2202 1285 2310; baseline 0.004 -30"><span class='ocrx_word' id='word_1_106' title='bbox 213 2206 264 2280; x_wconf 75' lang='lat' dir='ltr'><strong>At</strong></span> <span class='ocrx_word' id='word_1_107' title='bbox 281 2205 343 2280; x_wconf 91' lang='lat' dir='ltr'><strong>ille</strong></span> <span class='ocrx_word' id='word_1_108' title='bbox 359 2204 498 2277; x_wconf 87' lang='lat' dir='ltr'><strong>monita</strong></span> <span class='ocrx_word' id='word_1_109' title='bbox 521 2202 612 2277; x_wconf 78' lang='lat' dir='ltr'><strong>servi</strong></span> <span class='ocrx_word' id='word_1_110' title='bbox 635 2202 699 2276; x_wconf 86' lang='lat' dir='ltr'><strong>Dei</strong></span> <span class='ocrx_word' id='word_1_111' title='bbox 718 2202 778 2301; x_wconf 92' lang='lat' dir='ltr'><strong>pie</strong></span> <span class='ocrx_word' id='word_1_112' title='bbox 796 2205 971 2303; x_wconf 79' lang='lat' dir='ltr'><strong>suscepit,</strong></span> <span class='ocrx_word' id='word_1_113' title='bbox 992 2231 1204 2310; x_wconf 86' lang='lat' dir='ltr'><strong>memorque</strong></span> <span class='ocrx_word' id='word_1_114' title='bbox 1224 2238 1285 2310; x_wconf 93' lang='lat' dir='ltr'><strong>pa·</strong></span> 
     </span>
     <span class='ocr_line' id='line_1_17' title="bbox 215 2319 1284 2421; baseline -0.001 -21"><span class='ocrx_word' id='word_1_115' title='bbox 215 2338 332 2400; x_wconf 63' lang='lat' dir='ltr'><strong>tunae</strong></span> <span class='ocrx_word' id='word_1_116' title='bbox 341 2322 486 2421; x_wconf 89' lang='lat' dir='ltr'><strong>pietatis</strong></span> <span class='ocrx_word' id='word_1_117' title='bbox 497 2346 566 2420; x_wconf 90' lang='lat' dir='ltr'><strong>pro</strong></span> <span class='ocrx_word' id='word_1_118' title='bbox 581 2319 776 2394; x_wconf 84' lang='lat' dir='ltr'><strong>malefactis</strong></span> <span class='ocrx_word' id='word_1_119' title='bbox 792 2335 919 2392; x_wconf 85' lang='lat' dir='ltr'><strong>contra</strong></span> <span class='ocrx_word' id='word_1_120' title='bbox 936 2319 1149 2396; x_wconf 89' lang='lat' dir='ltr'><strong>coenobium</strong></span> <span class='ocrx_word' id='word_1_121' title='bbox 1162 2326 1284 2399; x_wconf 85' lang='lat' dir='ltr'><strong>Sancti</strong></span> 
     </span>
     <span class='ocr_line' id='line_1_18' title="bbox 216 2436 1289 2540; baseline 0.006 -29"><span class='ocrx_word' id='word_1_122' title='bbox 216 2438 363 2533; x_wconf 80' lang='lat' dir='ltr'><strong>Ebrulli</strong></span> <span class='ocrx_word' id='word_1_123' title='bbox 381 2438 559 2540; x_wconf 85' lang='lat' dir='ltr'><strong>ploravit,</strong></span> <span class='ocrx_word' id='word_1_124' title='bbox 582 2436 839 2536; x_wconf 87' lang='lat' dir='ltr'><strong>poenitensque</strong></span> <span class='ocrx_word' id='word_1_125' title='bbox 857 2462 1054 2537; x_wconf 83' lang='lat' dir='ltr'><strong>congruam</strong></span> <span class='ocrx_word' id='word_1_126' title='bbox 1071 2440 1289 2517; x_wconf 87' lang='lat' dir='ltr'><strong>emendatio·</strong></span> 
     </span>
     <span class='ocr_line' id='line_1_19' title="bbox 218 2542 1290 2660; baseline 0.007 -34"><span class='ocrx_word' id='word_1_127' title='bbox 218 2542 305 2633; x_wconf 73' lang='lat' dir='ltr'><strong>nem</strong></span> <span class='ocrx_word' id='word_1_128' title='bbox 328 2554 511 2655; x_wconf 90' lang='lat' dir='ltr'><strong>promisit.</strong></span> <span class='ocrx_word' id='word_1_129' title='bbox 539 2551 623 2626; x_wconf 87' lang='lat' dir='ltr'><strong>Nou</strong></span> <span class='ocrx_word' id='word_1_130' title='bbox 648 2552 765 2624; x_wconf 88' lang='lat' dir='ltr'><strong>multo</strong></span> <span class='ocrx_word' id='word_1_131' title='bbox 794 2568 877 2650; x_wconf 88' lang='lat' dir='ltr'><strong>post</strong></span> <span class='ocrx_word' id='word_1_132' title='bbox 902 2553 1051 2627; x_wconf 90' lang='lat' dir='ltr'><strong>Uticum</strong></span> <span class='ocrx_word' id='word_1_133' title='bbox 1074 2559 1192 2647; x_wconf 87' lang='lat' dir='ltr'><strong>venit,</strong></span> <span class='ocrx_word' id='word_1_134' title='bbox 1220 2586 1290 2660; x_wconf 91' lang='lat' dir='ltr'><strong>pro</strong></span> 
     </span>
     <span class='ocr_line' id='line_1_20' title="bbox 219 2667 1293 2776; baseline 0.002 -31"><span class='ocrx_word' id='word_1_135' title='bbox 219 2672 314 2748; x_wconf 87' lang='lat' dir='ltr'><strong>male</strong></span> <span class='ocrx_word' id='word_1_136' title='bbox 325 2671 434 2773; x_wconf 85' lang='lat' dir='ltr'><strong>gestis</strong></span> <span class='ocrx_word' id='word_1_137' title='bbox 450 2696 557 2770; x_wconf 91' lang='lat' dir='ltr'><strong>super</strong></span> <span class='ocrx_word' id='word_1_138' title='bbox 569 2695 668 2740; x_wconf 89' lang='lat' dir='ltr'><strong>aram</strong></span> <span class='ocrx_word' id='word_1_139' title='bbox 683 2667 932 2741; x_wconf 78' lang='lat' dir='ltr'><strong>vadimonium</strong></span> <span class='ocrx_word' id='word_1_140' title='bbox 946 2671 1085 2769; x_wconf 90' lang='lat' dir='ltr'><strong>posuit,</strong></span> <span class='ocrx_word' id='word_1_141' title='bbox 1103 2674 1293 2776; x_wconf 88' lang='lat' dir='ltr'><strong>indulgen·</strong></span> 
     </span>
     <span class='ocr_line' id='line_1_21' title="bbox 220 2783 1297 2890; baseline 0.003 -25"><span class='ocrx_word' id='word_1_142' title='bbox 220 2788 311 2865; x_wconf 64' lang='lat' dir='ltr'><strong>dam</strong></span> <span class='ocrx_word' id='word_1_143' title='bbox 321 2789 442 2890; x_wconf 84' lang='lat' dir='ltr'><strong>petiit,</strong></span> <span class='ocrx_word' id='word_1_144' title='bbox 456 2785 652 2886; x_wconf 80' lang='lat' dir='ltr'><strong>abbatique</strong></span> <span class='ocrx_word' id='word_1_145' title='bbox 663 2783 828 2858; x_wconf 82' lang='lat' dir='ltr'><strong>Osberno</strong></span> <span class='ocrx_word' id='word_1_146' title='bbox 840 2787 1067 2862; x_wconf 78' lang='lat' dir='ltr'><strong>securitatem</strong></span> <span class='ocrx_word' id='word_1_147' title='bbox 1081 2788 1297 2868; x_wconf 75' lang='lat' dir='ltr'><strong>deditPrat-</strong></span> 
     </span>
     <span class='ocr_line' id='line_1_22' title="bbox 217 2890 1294 2991; baseline -0.001 -7"><span class='ocrx_word' id='word_1_148' title='bbox 217 2890 315 2991; x_wconf 71' lang='lat' dir='ltr'><strong>siin</strong></span> <span class='ocrx_word' id='word_1_149' title='bbox 328 2907 427 2980; x_wconf 87' lang='lat' dir='ltr'><strong>euim</strong></span> <span class='ocrx_word' id='word_1_150' title='bbox 438 2900 637 2978; x_wconf 85' lang='lat' dir='ltr'><strong>monachus</strong></span> <span class='ocrx_word' id='word_1_151' title='bbox 654 2901 777 2974; x_wconf 89' lang='lat' dir='ltr'><strong>subtili</strong></span> <span class='ocrx_word' id='word_1_152' title='bbox 791 2903 906 2976; x_wconf 90' lang='lat' dir='ltr'><strong>relatu</strong></span> <span class='ocrx_word' id='word_1_153' title='bbox 920 2903 951 2976; x_wconf 95' lang='lat' dir='ltr'><strong>ei</strong></span> <span class='ocrx_word' id='word_1_154' title='bbox 965 2908 1141 2982; x_wconf 86' lang='lat' dir='ltr'><strong>veraciter</strong></span> <span class='ocrx_word' id='word_1_155' title='bbox 1152 2909 1294 2985; x_wconf 86' lang='lat' dir='ltr'><strong>intima-</strong></span> 
     </span>
     <span class='ocr_line' id='line_1_23' title="bbox 219 3018 1295 3154; baseline 0.004 -56"><span class='ocrx_word' id='word_1_156' title='bbox 219 3027 277 3100; x_wconf 79' lang='lat' dir='ltr'><strong>rit</strong></span> <span class='ocrx_word' id='word_1_157' title='bbox 299 3024 399 3126; x_wconf 77' lang='lat' dir='ltr'><strong>quod</strong></span> <span class='ocrx_word' id='word_1_158' title='bbox 416 3021 609 3122; x_wconf 71' lang='lat' dir='ltr'><strong>predictus</strong></span> <span class='ocrx_word' id='word_1_159' title='bbox 623 3018 732 3092; x_wconf 88' lang='lat' dir='ltr'><strong>abbas</strong></span> <span class='ocrx_word' id='word_1_160' title='bbox 751 3022 904 3154; x_wconf 85' lang='lat' dir='ltr'><strong>cognati</strong></span> <span class='ocrx_word' id='word_1_161' title='bbox 912 3022 965 3094; x_wconf 91' lang='lat' dir='ltr'><strong>sui</strong></span> <span class='ocrx_word' id='word_1_162' title='bbox 988 3022 1110 3100; x_wconf 91' lang='lat' dir='ltr'><strong>locum</strong></span> <span class='ocrx_word' id='word_1_163' title='bbox 1131 3052 1210 3103; x_wconf 90' lang='lat' dir='ltr'><strong>non</strong></span> <span class='ocrx_word' id='word_1_164' title='bbox 1228 3054 1295 3128; x_wconf 87' lang='lat' dir='ltr'><strong>per</strong></span> 
     </span>
     <span class='ocr_line' id='line_1_24' title="bbox 221 3136 1294 3244; baseline -0.002 -26"><span class='ocrx_word' id='word_1_165' title='bbox 221 3138 477 3244; x_wconf 75' lang='lat' dir='ltr'><strong>cupiditatem</strong></span> <span class='ocrx_word' id='word_1_166' title='bbox 467 3153 652 3226; x_wconf 77' lang='lat' dir='ltr'><strong>invaserat,</strong></span> <span class='ocrx_word' id='word_1_167' title='bbox 666 3136 773 3210; x_wconf 89' lang='lat' dir='ltr'><strong>sed</strong></span> <span class='ocrx_word' id='word_1_168' title='bbox 740 3163 774 3208; x_wconf 83' lang='lat' dir='ltr'><strong>vr</strong></span> <span class='ocrx_word' id='word_1_169' title='bbox 786 3138 962 3237; x_wconf 89' lang='lat' dir='ltr'><strong>principis</strong></span> <span class='ocrx_word' id='word_1_170' title='bbox 974 3154 1008 3211; x_wconf 90' lang='lat' dir='ltr'><strong>et</strong></span> <span class='ocrx_word' id='word_1_171' title='bbox 1024 3141 1201 3216; x_wconf 85' lang='lat' dir='ltr'><strong>instinctu</strong></span> <span class='ocrx_word' id='word_1_172' title='bbox 1210 3170 1294 3218; x_wconf 89' lang='lat' dir='ltr'><strong>ma-</strong></span> 
     </span>
     <span class='ocr_line' id='line_1_25' title="bbox 223 3252 1298 3411; baseline 0.001 -79"><span class='ocrx_word' id='word_1_173' title='bbox 223 3261 423 3388; x_wconf 80' lang='lat' dir='ltr'><strong>gistrorum</strong></span> <span class='ocrx_word' id='word_1_174' title='bbox 439 3274 589 3330; x_wconf 79' lang='lat' dir='ltr'><strong>morum</strong></span> <span class='ocrx_word' id='word_1_175' title='bbox 602 3252 825 3353; x_wconf 87' lang='lat' dir='ltr'><strong>compulsus,</strong></span> <span class='ocrx_word' id='word_1_176' title='bbox 844 3253 1010 3329; x_wconf 86' lang='lat' dir='ltr'><strong>desolatae</strong></span> <span class='ocrx_word' id='word_1_177' title='bbox 1024 3257 1180 3333; x_wconf 86' lang='lat' dir='ltr'><strong>ecclesiae</strong></span> <span class='ocrx_word' id='word_1_178' title='bbox 1197 3259 1298 3411; x_wconf 77' lang='lat' dir='ltr'><strong>regi-</strong></span> 
     </span>
     <span class='ocr_line' id='line_1_26' title="bbox 225 3371 688 3475; baseline -0.024 -23"><span class='ocrx_word' id='word_1_179' title='bbox 225 3404 313 3452; x_wconf 89' lang='lat' dir='ltr'><strong>men</strong></span> <span class='ocrx_word' id='word_1_180' title='bbox 329 3375 466 3448; x_wconf 85' lang='lat' dir='ltr'><strong>invitus</strong></span> <span class='ocrx_word' id='word_1_181' title='bbox 472 3371 688 3475; x_wconf 88' lang='lat' dir='ltr'><strong>susceperit.</strong></span> 
     </span>
    </p>

    <p class='ocr_par' dir='ltr' id='par_1_3' title="bbox 228 3476 1299 3944">
     <span class='ocr_line' id='line_1_27' title="bbox 277 3476 1299 3590; baseline 0.005 -26"><span class='ocrx_word' id='word_1_182' title='bbox 277 3476 444 3590; x_wconf 80' lang='lat' dir='ltr'><strong>Denique</strong></span> <span class='ocrx_word' id='word_1_183' title='bbox 462 3486 667 3561; x_wconf 76' lang='lat' dir='ltr'><strong>ttodbertus</strong></span> <span class='ocrx_word' id='word_1_184' title='bbox 687 3484 796 3557; x_wconf 88' lang='lat' dir='ltr'><strong>abbas</strong></span> <span class='ocrx_word' id='word_1_185' title='bbox 814 3485 1004 3560; x_wconf 86' lang='lat' dir='ltr'><strong>Nicolaum</strong></span> <span class='ocrx_word' id='word_1_186' title='bbox 1024 3506 1158 3588; x_wconf 90' lang='lat' dir='ltr'><strong>papam</strong></span> <span class='ocrx_word' id='word_1_187' title='bbox 1169 3491 1299 3569; x_wconf 77' lang='lat' dir='ltr'><strong>llomoe</strong></span> 
     </span>
     <span class='ocr_line' id='line_1_28' title="bbox 228 3603 1297 3706; baseline 0.001 -23"><span class='ocrx_word' id='word_1_188' title='bbox 228 3609 392 3696; x_wconf 83' lang='lat' dir='ltr'><strong>invenit,</strong></span> <span class='ocrx_word' id='word_1_189' title='bbox 415 3607 520 3706; x_wconf 83' lang='lat' dir='ltr'><strong>eique</strong></span> <span class='ocrx_word' id='word_1_190' title='bbox 540 3630 680 3676; x_wconf 90' lang='lat' dir='ltr'><strong>causam</strong></span> <span class='ocrx_word' id='word_1_191' title='bbox 703 3603 841 3675; x_wconf 90' lang='lat' dir='ltr'><strong>itineris</strong></span> <span class='ocrx_word' id='word_1_192' title='bbox 861 3630 914 3675; x_wconf 83' lang='lat' dir='ltr'><strong>sur</strong></span> <span class='ocrx_word' id='word_1_193' title='bbox 906 3603 1157 3704; x_wconf 89' lang='lat' dir='ltr'><strong>diligenter</strong></span> <span class='ocrx_word' id='word_1_194' title='bbox 1148 3609 1297 3684; x_wconf 74' lang='lat' dir='ltr'><strong>intima-</strong></span> 
     </span>
     <span class='ocr_line' id='line_1_29' title="bbox 228 3720 1297 3823; baseline 0.001 -25"><span class='ocrx_word' id='word_1_195' title='bbox 228 3726 299 3797; x_wconf 86' lang='lat' dir='ltr'><strong>vit.</strong></span> <span class='ocrx_word' id='word_1_196' title='bbox 318 3721 367 3794; x_wconf 82' lang='lat' dir='ltr'><strong>At</strong></span> <span class='ocrx_word' id='word_1_197' title='bbox 384 3723 445 3795; x_wconf 91' lang='lat' dir='ltr'><strong>ille</strong></span> <span class='ocrx_word' id='word_1_198' title='bbox 461 3721 736 3820; x_wconf 87' lang='lat' dir='ltr'><strong>compatriotam</strong></span> <span class='ocrx_word' id='word_1_199' title='bbox 750 3745 856 3790; x_wconf 89' lang='lat' dir='ltr'><strong>suum</strong></span> <span class='ocrx_word' id='word_1_200' title='bbox 869 3720 976 3818; x_wconf 90' lang='lat' dir='ltr'><strong>(nam</strong></span> <span class='ocrx_word' id='word_1_201' title='bbox 992 3746 1122 3823; x_wconf 87' lang='lat' dir='ltr'><strong>genere</strong></span> <span class='ocrx_word' id='word_1_202' title='bbox 1139 3725 1297 3800; x_wconf 88' lang='lat' dir='ltr'><strong>Francus</strong></span> 
     </span>
     <span class='ocr_line' id='line_1_30' title="bbox 229 3837 1297 3944; baseline 0.002 -29"><span class='ocrx_word' id='word_1_203' title='bbox 229 3840 333 3938; x_wconf 85' lang='lat' dir='ltr'><strong>erat)</strong></span> <span class='ocrx_word' id='word_1_204' title='bbox 345 3838 553 3938; x_wconf 82' lang='lat' dir='ltr'><strong>benigniter</strong></span> <span class='ocrx_word' id='word_1_205' title='bbox 566 3837 737 3936; x_wconf 85' lang='lat' dir='ltr'><strong>suscepit,</strong></span> <span class='ocrx_word' id='word_1_206' title='bbox 756 3837 1022 3935; x_wconf 85' lang='lat' dir='ltr'><strong>querimoniam</strong></span> <span class='ocrx_word' id='word_1_207' title='bbox 1035 3844 1110 3941; x_wconf 89' lang='lat' dir='ltr'><strong>ejus</strong></span> <span class='ocrx_word' id='word_1_208' title='bbox 1123 3869 1205 3915; x_wconf 91' lang='lat' dir='ltr'><strong>cum</strong></span> <span class='ocrx_word' id='word_1_209' title='bbox 1218 3845 1297 3944; x_wconf 92' lang='lat' dir='ltr'><strong>pie-</strong></span> 
     </span>
    </p>
   </div>
   <div class='ocr_carea' id='block_1_3' title="bbox 230 4111 1297 4274">
    <p class='ocr_par' dir='ltr' id='par_1_4' title="bbox 230 4111 1297 4274">
     <span class='ocr_line' id='line_1_31' title="bbox 230 4111 1297 4189; baseline 0.007 -20"><span class='ocrx_word' id='word_1_210' title='bbox 230 4132 281 4172; x_wconf 78' lang='lat' dir='ltr'><strong>sus</strong></span> <span class='ocrx_word' id='word_1_211' title='bbox 291 4113 320 4168; x_wconf 89' lang='lat' dir='ltr'><strong>le</strong></span> <span class='ocrx_word' id='word_1_212' title='bbox 325 4130 420 4185; x_wconf 78' lang='lat' dir='ltr'><strong>pagus</strong></span> <span class='ocrx_word' id='word_1_213' title='bbox 431 4112 614 4166; x_wconf 71' lang='lat' dir='ltr'><strong>heraclensis</strong></span> <span class='ocrx_word' id='word_1_214' title='bbox 622 4128 658 4166; x_wconf 91' lang='lat' dir='ltr'><strong>ou</strong></span> <span class='ocrx_word' id='word_1_215' title='bbox 671 4111 785 4169; x_wconf 80' lang='lat' dir='ltr'><strong>Lieuvin</strong></span> <span class='ocrx_word' id='word_1_216' title='bbox 798 4112 836 4168; x_wconf 92' lang='lat' dir='ltr'><strong>du</strong></span> <span class='ocrx_word' id='word_1_217' title='bbox 849 4112 958 4172; x_wconf 73' lang='lat' dir='ltr'><strong>diocese</strong></span> <span class='ocrx_word' id='word_1_218' title='bbox 967 4115 1003 4172; x_wconf 86' lang='lat' dir='ltr'><strong>de</strong></span> <span class='ocrx_word' id='word_1_219' title='bbox 1013 4117 1132 4189; x_wconf 87' lang='lat' dir='ltr'><strong>Lisieux,</strong></span> <span class='ocrx_word' id='word_1_220' title='bbox 1143 4120 1164 4175; x_wconf 95' lang='lat' dir='ltr'><strong>il</strong></span> <span class='ocrx_word' id='word_1_221' title='bbox 1177 4124 1297 4180; x_wconf 82' lang='lat' dir='ltr'><strong>confond</strong></span> 
     </span>
     <span class='ocr_line' id='line_1_32' title="bbox 231 4201 679 4274; baseline -0.018 -11"><span class='ocrx_word' id='word_1_222' title='bbox 231 4208 269 4264; x_wconf 84' lang='lat' dir='ltr'><strong>ici</strong></span> <span class='ocrx_word' id='word_1_223' title='bbox 284 4221 329 4260; x_wconf 84' lang='lat' dir='ltr'><strong>ces</strong></span> <span class='ocrx_word' id='word_1_224' title='bbox 342 4203 416 4258; x_wconf 82' lang='lat' dir='ltr'><strong>deux</strong></span> <span class='ocrx_word' id='word_1_225' title='bbox 428 4201 679 4274; x_wconf 82' lang='lat' dir='ltr'><strong>circonscriptions.</strong></span> 
     </span>
    </p>
   </div>
   <div class='ocr_carea' id='block_1_4' title="bbox 0 0 1509 4980">
    <p class='ocr_par' dir='ltr' id='par_1_5' title="bbox 0 0 1509 4980">
     <span class='ocr_line' id='line_1_33' title="bbox 0 0 1509 4980; baseline 0 0"><span class='ocrx_word' id='word_1_226' title='bbox 0 0 1509 4980; x_wconf 95' lang='lat' dir='ltr'><strong> </strong></span> 
     </span>
    </p>
   </div>
  </div>
 </body>
</html>
