2910 4980
191 407 249 465 186
464 402 648 463 HISTORIA
670 400 974 463 Etctrsusrtca.
1048 405 1258 485 [roos-tota]

191 520 417 624 quotidianas
441 521 686 623 expeditiones
715 547 790 595 non
819 523 896 596 sine
922 547 1050 623 magna
1076 526 1259 625 sanguinis

193 640 509 740 utriusquepartis
531 640 706 713 effusione
727 637 1021 740 frequentabant.
1045 642 1122 716 Rex
1138 657 1259 717 autem

193 756 288 829 inter
307 770 362 829 tot
381 755 564 830 bellorum
583 756 762 829 motiones
783 781 905 829 secum
920 756 1051 831 milites
1067 781 1153 831 suos
1168 759 1260 831 reti-

192 898 279 946 nere
304 872 494 971 cupiebat,
524 889 560 948 et
586 891 697 948 terras
722 898 806 945 cum
831 871 1031 946 redditibus
1058 890 1096 947 et
1121 874 1259 976 magnis

195 990 429 1087 potestatibus
443 992 492 1064 eis
508 989 745 1064 amicabiliter
757 989 944 1081 offerebat,
958 1006 995 1065 et
1007 995 1160 1091 majora,
1173 991 1260 1065 dsnn

193 1122 313 1180 totum
325 1134 480 1208 regnum
493 1106 538 1181 ab
552 1108 759 1182 adversariis
772 1107 931 1209 undique
941 1108 1135 1183 liberatum
1148 1124 1257 1197 meet,

192 1223 441 1323 promittebat.
478 1226 644 1327 legitimi
679 1224 852 1315 barones,
885 1226 1095 1326 strenuique
1123 1224 1261 1327 pugiles

194 1341 443 1442 multipliciter
459 1341 712 1438 anxiabantur,
728 1342 816 1416 dum
830 1370 952 1444 regem
967 1370 1074 1416 suum
1091 1368 1177 1416 cum
1191 1341 1261 1415 fra·

194 1458 311 1531 tribus
340 1462 411 1533 suis
443 1477 481 1534 et
512 1461 634 1534 amicis
646 1513 658 1549 ,
687 1462 863 1562 sociisque
890 1461 1019 1534 sedulis
1046 1460 1260 1533 circumdari

194 1577 298 1651 bellis
317 1579 553 1654 intuebantur
561 1608 572 1670 3
591 1580 743 1681 ipsique,
758 1581 787 1652 si
805 1578 1040 1666 discederent,
1054 1578 1157 1653 infidi
1172 1604 1261 1678 ptu-

194 1693 350 1785 ditores,
370 1696 559 1797 timidique
574 1696 773 1771 desertores
790 1698 908 1796 palam
925 1699 1062 1771 censeri
1083 1694 1260 1771 vereban-

196 1826 269 1883 tur.
293 1811 427 1884 Rursus
443 1810 673 1888 honorabiles
690 1813 835 1887 athletae
848 1812 938 1914 quid
954 1812 1115 1887 facerent
1124 1866 1135 1901 ,
1152 1813 1180 1885 si
1198 1812 1262 1885 las·

195 1930 283 2001 civae
302 1932 470 2031 conjuges
492 1929 641 2006 thorum
657 1957 762 2003 suum
780 1929 958 2004 adulterio
975 1929 1205 2029 polluerent,
1229 1942 1264 2002 et

196 2047 383 2145 progeniei
410 2073 484 2121 snae
505 2050 674 2148 perennis
698 2048 848 2120 maculae
872 2062 996 2120 notam
1022 2062 1059 2121 et
1081 2046 1265 2119 infamiam

95 2157 97 2161 ’
195 2162 432 2263 generarent?
446 2166 551 2239 Unde
567 2168 673 2267 Hugo
689 2165 733 2239 de
746 2162 1045 2253 Grentemaisnil,
1061 2163 1124 2263 qui
1141 2164 1266 2262 praesi·

196 2279 320 2352 datum
329 2279 569 2355 Gewissorum
579 2335 590 2370 ,
608 2282 643 2354 id
656 2296 725 2354 est:
738 2283 939 2355 Guentanae
951 2280 1109 2380 regionis
1121 2280 1180 2377 (s)
1193 2283 1265 2379 jam

196 2394 385 2487 habuerat,
412 2415 448 2469 et
471 2399 633 2471 sororius
660 2400 734 2495 ejus
750 2395 927 2469 Unfridus
948 2394 992 2468 de
1010 2394 1167 2469 'l'elliolo
1187 2395 1264 2495 (a),

195 2514 258 2611 qui
277 2514 462 2614 Hastingas
475 2541 493 2585 a
507 2515 623 2614 prima
637 2515 695 2587 die
708 2514 990 2589 constructionis
1007 2512 1051 2586 ad
1065 2512 1267 2589 custodien-

196 2626 283 2699 dum
297 2645 517 2726 susceperat,
539 2630 670 2731 aliique
691 2631 797 2702 multi
815 2630 1075 2719 discesserunt,
1093 2645 1132 2703 et
1147 2652 1268 2730 regem

199 2745 295 2818 inter
309 2762 449 2820 exteros
467 2747 693 2820 laborantem
708 2749 825 2820 tristes
843 2762 879 2819 et
894 2746 998 2818 inriti
1013 2744 1263 2820 deseruerunt.

197 2861 335 2936 Deinde
350 2862 514 2936 famulari
530 2863 666 2936 lascivis
682 2860 897 2938 dominabus
914 2862 985 2933 suis
1007 2862 1043 2934 in
1062 2860 1268 2935 Neustriam

198 2981 327 3052 reversi
355 2997 459 3068 sunt;
487 2981 548 3053 sed
570 2979 746 3067 honores,
772 3007 863 3080 quos
887 2983 962 3079 jam
985 2994 1110 3052 nactos
1135 2978 1203 3051 linc
1227 2977 1270 3051 ds

199 3122 299 3167 causa
321 3097 568 3196 reliquerunt,
592 3098 659 3197 ipsi
682 3098 738 3170 vel
765 3097 911 3171 heredes
935 3122 1061 3171 eorum
1079 3121 1269 3198 nunquam

198 3228 319 3311 postea
335 3239 546 3313 recuperare
563 3229 765 3313 potuerunt
781 3216 847 3312 (ὅ).

231 3460 271 3533 (ι)
287 3459 329 3517 Ge
341 3468 560 3535 gmvsrasmsut
568 3456 662 3517 desan
672 3460 816 3533 presenter
828 3457 854 3513 la
865 3458 956 3515 rueme
968 3457 1207 3530 circonscription
1216 3474 1271 3533 qus

198 3548 226 3605 le
236 3548 406 3627 tnnpnbtn
516 3548 697 3607 wisatum
707 3558 752 3607 att
761 3566 864 3605 encore
874 3546 1056 3621 aujourd'bui
1066 3546 1095 3603 le
1105 3546 1255 3605 chel-lieu.

231 3640 273 3696 (at
708 3654 765 3697 w
776 3656 814 3695 sn
822 3636 895 3695 nord
903 3635 940 3693 de
950 3634 1180 3695 emanent.

740 3742 757 3784 s
772 3736 871 3787 mans
884 3725 1003 3803 liugas·
1016 3724 1054 3783 ds
1064 3722 1273 3783 Grenternsnil
