2910 4980
209 444 269 504 132
481 441 667 502 HISTORIA
688 439 993 502 Etcttsumcs.
1068 444 1280 525 [loeo-lose]

207 564 301 663 patri
319 586 385 636 suo
402 562 577 636 concessit
590 561 772 636 ecclesiam
785 561 822 633 S.
839 561 988 633 Martini
1003 559 1047 634 de
1064 560 1190 634 Parnis
1201 562 1218 661 (
1226 562 1277 661 s),

206 679 374 781 adquam
394 679 582 780 parrochia
607 680 748 751 statutis
770 675 896 751 diebus
923 673 1209 778 congregabatur
1233 676 1281 753 de

206 812 343 894 septem
353 794 595 895 adjacentibus
607 796 706 883 vicis,
716 811 758 866 ut
766 810 849 868 vota
858 821 920 866 sua
933 795 1010 867 Deo
1020 791 1227 883 redderent,
1239 807 1278 867 et

206 911 325 985 laudes
338 928 375 985 et
384 912 635 1011 praeceptallei
647 927 687 982 ut
699 909 800 984 decet
809 909 988 984 audirent.
998 910 1047 983 At
1064 911 1124 985 ille
1132 910 1277 985 Maino-

205 1029 302 1100 rium
314 1025 480 1101 abbatem
497 1027 671 1099 accersiit.
692 1028 886 1126 Postquam
900 1043 1020 1099 autem
1032 1024 1203 1125 praelatus
1213 1052 1275 1126 ps-

207 1161 261 1218 ter
273 1146 403 1216 Parnas
420 1142 581 1231 advenit,
597 1143 765 1217 Fulcoius
781 1157 963 1216 annuente
975 1143 1185 1218 Wascelino
1196 1141 1275 1217 frs·

203 1278 260 1336 tre
275 1289 360 1351 suo,
378 1264 511 1335 Sancto
524 1261 681 1336 Ebrulfo
698 1260 881 1335 ecclesiam
898 1262 1072 1334 concessit
1088 1277 1125 1335 et
1145 1246 1273 1337 omues

202 1377 478 1453 consuetudines
501 1377 545 1451 ad
570 1378 682 1477 ipsam
698 1378 881 1452 ecclesiam
902 1378 1148 1478 pertinentes,
1171 1393 1209 1452 et
1231 1379 1272 1453 in

200 1497 322 1571 eadem
337 1496 420 1568 villa
439 1512 572 1570 terram
589 1496 698 1567 unius
718 1496 827 1567 aratri
852 1512 888 1568 et
912 1493 1088 1568 decimam
1110 1520 1270 1571 carrum

198 1639 272 1685 suae
291 1626 328 1684 et
350 1610 503 1683 duarum
525 1610 763 1709 possessiones
775 1608 970 1684 domorum
989 1625 1026 1683 et
1048 1635 1166 1682 unum
1188 1636 1269 1687 ωο-

199 1727 407 1818 leudinum,
428 1727 527 1830 quod
544 1727 809 1804 'rollens-Viam
826 1726 1115 1828 nuncupabatur.
1132 1726 1270 1804 Archi-

197 1848 425 1921 diaconatum
439 1872 603 1947 quoque,
617 1873 726 1947 quem
745 1847 783 1918 in
797 1845 905 1920 feudo
921 1843 966 1918 ab
983 1844 1268 1922 antecessoribus

196 1965 267 2036 suis
283 1962 327 2037 de
343 1961 610 2062 archiepiscopo
623 1963 878 2064 Rotomagensi
898 1961 1062 2052 tenebat,
1080 1962 1267 2037 monachis

194 2080 312 2168 dedit,
336 2097 372 2154 et
393 2079 618 2154 dominatum
645 2081 811 2153 omnium
836 2079 1038 2178 hospitum,
1057 2081 1120 2181 qui
1140 2080 1266 2154 Parnis

193 2196 389 2299 degebant,
410 2199 459 2271 ita
476 2196 662 2271 monachis
680 2198 873 2285 concessit,
892 2211 934 2268 ut
953 2197 982 2269 si
1001 2197 1134 2270 eisdem
1152 2196 1266 2271 foris-

192 2318 371 2403 facerent,
392 2341 468 2389 non
491 2341 552 2389 eos
576 2342 642 2413 per
662 2313 790 2390 domos
815 2340 960 2401 eorum,
985 2313 1046 2386 sed
1068 2338 1134 2412 per
1151 2313 1266 2389 alium

192 2431 318 2505 fiscum
349 2432 546 2529 castigaret.
579 2431 775 2504 Parnenses
805 2445 924 2503 autem
954 2427 1186 2523 exultabant,
1218 2456 1265 2507 eo

192 2545 291 2647 quod
308 2544 493 2619 monachis
510 2544 769 2637 subderentur,
790 2561 971 2647 sperantes
987 2561 1030 2617 ut
1049 2572 1178 2620 eorum
1193 2574 1265 2648 ps-

192 2664 350 2739 trocinio
366 2679 491 2736 contra
510 2665 771 2738 collimitaneos
792 2664 1023 2739 Nonnannos
1039 2679 1261 2755 tutarentur,

190 2806 348 2881 quorum
364 2778 655 2853 infestationibus
667 2780 1118 2880 frequentervexabantur.
1132 2781 1265 2857 Succe-

191 2897 291 2970 denti
304 2922 450 2999 quoque
465 2912 641 2994 tempore,
655 2897 744 2971 dum
757 2898 969 2973 Goisbertus
981 2898 1139 2973 medicus
1151 2897 1265 2975 habo-

191 3030 249 3089 ret
260 3015 481 3115 prioratum,
500 3015 669 3091 Fulcoius
687 3033 728 3089 ut
743 3043 836 3091 nova
851 3017 994 3089 basilica
1015 3015 1261 3107 inchoaretur,

193 3150 314 3209 totum
343 3131 443 3207 dedit
472 3133 703 3208 cimiterium.
734 3137 839 3209 Tunc
868 3134 1146 3209 fundamentum
1174 3135 1263 3211 novi

193 3250 311 3350 operis
337 3250 542 3349 incoeptum
567 3266 641 3338 est,
668 3250 766 3351 quod
794 3277 884 3350 opus
911 3251 1077 3352 plurimis
1106 3250 1263 3352 impedi-

194 3367 325 3441 mentis
338 3392 404 3465 per
416 3389 530 3439 xxxrv
540 3392 654 3440 annos
673 3364 983 3456 incumbentibus,
999 3366 1163 3441 noudum
1177 3392 1264 3442 con·

194 3499 413 3557 summatum
429 3498 482 3558 est
497 3484 566 3582 (a).
585 3485 760 3559 Proesatus
777 3486 875 3560 enim
893 3487 996 3560 miles
1013 3501 1088 3559 erat
1104 3485 1211 3560 fortis
1225 3500 1264 3560 et

228 3761 270 3828 (r)
284 3758 398 3825 Parnes,
413 3758 477 3830 prbs
488 3758 804 3835 Sainttllairsurbpte.

227 3850 268 3921 (a)
283 3848 360 3904 G'est
370 3865 411 3902 un
422 3848 647 3922 reuseignement
658 3851 715 3906 fort
732 3853 886 3925 important
898 3868 969 3923 pour
981 3849 1117 3904 l’bistoire
1130 3849 1167 3906 de
1182 3851 1260 3921 l’srt,

193 3954 249 4013 que
260 3934 288 3991 lu
297 3934 362 3991 date
372 3935 409 3991 de
419 3934 447 3991 lu
459 3938 649 3994 construction
665 3938 701 3995 de
718 3949 789 3995 cette
801 3938 886 4013 eglise
904 3935 1104 4011 remarquable.
1120 3937 1170 3994 On
1180 3958 1199 4012 y
1210 3938 1261 3995 ob·

194 4042 286 4095 serre,
306 4026 376 4081 ainsi
393 4026 457 4103 qu’h
475 4026 805 4101 &intulimus-epse,
820 4027 847 4082 la
862 4028 1065 4093 circonstance,
1080 4027 1138 4081 tres
1151 4044 1213 4083 rare
1225 4046 1261 4084 en

193 4112 377 4160 fl-*db-
391 4112 476 4173 ‘l'uue
487 4114 583 4173 abside
594 4114 695 4174 etsblie
711 4134 760 4173 sur
769 4135 807 4172 un
820 4115 884 4190 plau
896 4116 1049 4190 polygone,
1064 4125 1095 4169 et
1105 4132 1163 4171 non
1177 4116 1261 4173 semi-
