2910 4980
127 410 336 490 [soso-1056]
500 409 617 472 tisun
637 409 816 472 rannus.
1151 416 1188 476 ss

124 532 306 605 variarum
322 529 475 603 stimulis
492 531 734 615 tentationum
749 531 980 631 impugnare,
1001 547 1039 619 et
1052 559 1116 631 per
1130 559 1190 608 eos

123 673 217 751 quos
233 646 352 746 potest
368 644 560 719 mundanae
576 646 725 718 vanitati
742 645 947 745 subjugare,
968 646 1006 719 in
1021 647 1191 748 simplici-

123 778 198 839 tate
218 762 404 838 catholicae
422 763 504 837 fidei
525 762 722 863 prudenter
741 762 946 863 vigilantes,
966 779 1003 837 et
1024 765 1061 837 in
1077 765 1189 838 virtu-

122 895 204 954 tum
237 879 394 952 culmine
428 878 582 952 viriliter
614 894 747 952 stantes
783 881 953 954 atrociter
984 881 1186 956 molestare.

121 994 230 1070 Unde
247 992 335 1067 dum
354 993 498 1068 vidisset
515 994 677 1095 regulare
693 996 953 1069 monasterium
973 996 1010 1067 in
1029 997 1191 1070 Uticensi

121 1111 217 1184 saltu
232 1109 433 1211 opitulante
450 1112 527 1186 Deo
543 1112 755 1200 surrexisse,
774 1128 811 1185 et
824 1110 1065 1187 Teodericum
1082 1112 1188 1187 abba-

120 1245 197 1305 tem
213 1229 252 1304 in
267 1228 381 1304 verbo
396 1247 434 1303 et
450 1230 662 1330 operatione
677 1229 802 1303 multis
818 1229 1004 1303 animabus
1015 1235 1189 1331 juvenum

120 1363 229 1448 atque
255 1372 383 1421 senum
406 1346 541 1448 oppido
561 1347 752 1446 prodesse,
780 1346 1007 1422 exardescens
1031 1348 1185 1437 invidia,

119 1489 192 1564 qua
205 1463 472 1562 protoplastum
487 1462 601 1535 Adam
620 1489 687 1561 per
704 1463 807 1536 vetiti
827 1462 966 1536 fructus
982 1477 1127 1563 gustum
1143 1461 1187 1538 de

118 1581 285 1681 paradiso
301 1580 457 1680 expulit,
473 1578 693 1657 Rotbertum
704 1581 865 1679 priorem
884 1597 1010 1655 contra
1022 1580 1188 1657 abbatem

118 1722 228 1771 suum
238 1713 322 1798 post
331 1696 524 1771 discessum
533 1697 718 1772 Willermi
733 1696 903 1772 Geroiani
918 1699 1116 1773 insolenter
1128 1726 1188 1773 ex-

118 1815 264 1903 citavit3
283 1840 481 1916 magnaque
495 1812 714 1889 dissensione
731 1814 795 1887 diu
807 1812 1025 1914 perdurante
1037 1814 1189 1890 mobiles

119 1930 368 2031 subjectorum
387 1933 526 2006 animos
548 1933 704 2032 graviter
728 1932 953 2031 inquietavit.
981 1933 1070 2004 Erat
1094 1931 1188 2005 idem

119 2046 321 2123 Rotbertus
335 2051 393 2148 (ut
406 2049 568 2148 superius
582 2048 664 2120 satis
677 2046 816 2120 dictum
831 2047 905 2145 est)
923 2046 1106 2147 praeclarae
1120 2074 1189 2122 no-

119 2164 291 2255 bilitatis,
309 2165 420 2241 frater
432 2166 567 2240 scilicet
580 2165 743 2266 Hugonis
755 2164 800 2239 de
812 2164 1111 2256 Grentemaisni13
1129 2167 1187 2238 cui

120 2280 238 2356 adbuc
252 2284 368 2358 inerat
380 2283 528 2383 puerilis
536 2282 659 2356 levitas
668 2297 705 2355 et
721 2279 939 2356 indomitum
952 2281 1067 2356 robur
1080 2298 1191 2384 atque

120 2399 300 2473 saecularis
316 2399 480 2474 ambitio.
508 2402 549 2473 ln
572 2400 731 2474 castitate
751 2415 859 2500 atque
878 2399 955 2472 aliis
973 2398 1187 2500 quibusdam

120 2517 229 2590 sacris
246 2517 518 2592 charismatibus
541 2532 618 2592 erat
639 2515 823 2590 laudabilis
833 2545 844 2604 3
862 2516 922 2591 sed
944 2532 1105 2590 econtra
1122 2519 1188 2616 (ut

119 2632 266 2707 Flaccus
282 2635 353 2733 ait)

361 2780 440 2836 Nihil
450 2790 493 2836 est
505 2781 540 2835 ab
554 2782 630 2835 omni
643 2791 721 2854 parte
733 2780 846 2840 beatum
858 2779 906 2853 (1).

120 2905 161 2977 in
178 2908 365 2982 nonnullis
382 2909 538 2984 reatibus
553 2925 630 2984 erat
643 2905 945 3009 reprehensibilis.
962 2907 1054 2980 Nam
1069 2907 1108 2980 in
1120 2907 1187 2982 bo-

119 3021 178 3095 nis
193 3048 255 3097 seu
271 3026 372 3099 malis
385 3051 468 3126 quae
483 3020 668 3125 cupiebat,
683 3025 786 3098 velox
800 3023 844 3096 ad
856 3022 1097 3133 peragendum
1110 3039 1187 3098 erat

118 3163 161 3211 sc
173 3137 355 3231 fervidus,
371 3158 408 3216 et
417 3143 547 3215 auditis
560 3144 632 3215 sive
645 3142 746 3230 visis,
762 3139 843 3240 quae
859 3139 1023 3229 nolebat,
1043 3140 1087 3213 ad
1101 3142 1185 3212 iras-

120 3253 274 3329 cendum
292 3257 459 3347 festinus,
483 3261 663 3360 magisque
680 3283 828 3358 praeesse
845 3282 954 3357 quam
970 3255 1129 3344 subesse,
1149 3271 1185 3329 et

121 3372 299 3472 imperare
314 3377 435 3476 potius
453 3404 561 3478 quam
578 3375 821 3452 obsecundare
837 3374 999 3475 cupidus.
1018 3373 1073 3447 Ad
1092 3375 1187 3446 acci-

119 3488 293 3588 piendum
307 3507 414 3593 atque
430 3492 474 3567 ad
486 3492 645 3567 dandum
661 3508 800 3593 apertas
817 3489 971 3565 habebat
985 3517 1129 3578 manus,
1149 3508 1185 3564 et

120 3629 161 3679 os
175 3624 389 3708 promptum
404 3611 522 3687 furori
542 3638 607 3685 suo
627 3609 827 3684 satisfacere
848 3606 1062 3682 inordinatis
1078 3605 1186 3679 sami-

120 3723 242 3798 nibus.
264 3727 315 3799 Et
331 3728 414 3829 quia
435 3729 510 3828 ipse
529 3743 572 3802 ut
587 3728 726 3801 dictum
743 3741 815 3813 est,
835 3725 981 3800 excelse
999 3723 1186 3826 generosi-

122 3841 202 3913 tatis
218 3840 380 3942 lampade
396 3841 596 3932 renitebat,
615 3860 652 3917 et
669 3869 711 3917 ex
733 3843 954 3943 patrimonio
970 3867 1036 3915 suo
1059 3864 1184 3913 coeno·

153 4091 194 4159 (ι)
206 4089 277 4145 Hor.
295 4090 341 4145 od.
363 4090 383 4146 l.
402 4109 439 4159 n,
461 4092 506 4161 16,
520 4109 563 4167 27.
576 4091 694 4150 Ciceron
709 4092 780 4146 avait
791 4090 834 4146 dit
850 4114 855 4144 z
872 4088 954 4144 ΝἱΙιίἱ
965 4089 1041 4144 omni
1053 4104 1090 4142 ex
1102 4094 1183 4157 parte

120 4177 276 4250 perfidum
287 4189 371 4253 utque
385 4181 503 4236 beatum.
