2910 4980
196 333 256 395 lau
470 327 655 391 HISTORIA
675 325 979 391 ncctnslasnlce

195 453 340 554 pultum
349 465 415 526 est.
429 447 508 523 Illic
520 448 594 524 duo
607 447 674 532 lilii
686 450 761 547 ejus
775 478 786 518 ι
800 448 905 548 Hugo
916 461 954 522 et
965 444 1136 519 Radullus
1143 498 1155 536 ‚
1175 470 1258 518 cum

195 569 337 643 Adeliza
354 582 468 641 matre
488 593 549 638 sua
566 565 766 652 affuerunt,
787 579 823 638 et
836 591 885 653 se,
908 579 945 638 et
965 561 1140 666 quidquid
1157 577 1259 662 pater

195 714 322 763 eorum
334 687 478 762 dedemt
489 687 524 760 S.
542 682 712 772 Ebrulfo,
732 681 889 757 libenter
902 696 1177 770 concesserunt,
1190 706 1260 755 co·

194 833 273 879 ram
287 805 409 878 multis
429 801 591 891 testibus,
611 802 674 902 qui
685 799 729 874 ad
746 800 1022 875 tumulationem
1036 800 1125 874 tanti
1144 798 1258 873 baro-

195 923 251 995 nis
261 933 521 994 convenerunt.
533 921 619 992 Post
628 942 741 990 annos
753 916 829 990 sere
842 941 931 1004 xxx,
946 918 1051 1016 Hugo
1061 915 1106 989 de
1114 916 1259 989 Monte·

194 1038 377 1113 Pincionis
390 1036 590 1135 spirituales
601 1035 726 1108 fratres
738 1062 820 1109 suos
830 1035 971 1109 visitare
981 1034 1129 1107 Uticum
1138 1034 1239 1107 venit
1246 1086 1257 1120 ,

194 1182 384 1256 secumque
401 1153 595 1227 lludullum
612 1152 894 1251 primogenitum
914 1179 1020 1224 suum
1036 1148 1205 1238 adduxit,
1224 1165 1260 1222 et

194 1271 407 1346 Mathildem
430 1297 581 1345 uxorem
604 1297 727 1362 suam,
746 1297 829 1370 quae
847 1270 1009 1370 Hugonis
1032 1269 1077 1342 de
1099 1267 1258 1342 Grente·

193 1389 335 1464 maisnil
355 1388 426 1461 filia
445 1403 541 1474 erat,
568 1413 802 1488 sororemque
821 1414 920 1460 suam
937 1387 1125 1460 Adelinam
1146 1412 1261 1486 nuper

183 1502 631 1605 .defunctamlugebat(1).
642 1503 1260 1605 TuncHugosraternitatemmona·

192 1620 363 1708 chorum,
378 1647 486 1721 quam
502 1618 537 1692 ol
543 1619 592 1690 im
608 1620 645 1690 in
664 1618 813 1691 infantia
828 1635 1030 1717 acceperat,
1050 1618 1255 1701 renovavit,

193 1763 325 1837 eosque
343 1754 384 1809 ut
396 1761 464 1835 pro
477 1735 631 1810 Radulso
647 1735 757 1810 fratre
769 1762 848 1824 suo,
862 1738 924 1838 qui
943 1737 981 1809 in
995 1737 1051 1809 via
1063 1736 1256 1810 Jerusalem

191 1855 400 1955 peregrinus
412 1852 566 1942 obierat,
575 1869 735 1942 orarent,
747 1853 959 1929 obsecravit.
970 1855 1141 1929 Radulfus
1148 1855 1255 1929 etiam

191 2000 283 2073 puer
306 1972 491 2046 monachis
515 1999 560 2047 ex
581 1988 661 2046 toto
681 1973 795 2072 (sieut
818 1990 983 2073 parentes
1005 1973 1083 2071 sui)
1103 1973 1256 2046 sociatus

191 2107 262 2180 est;
277 2107 315 2165 et
327 2117 347 2162 a
358 2088 546 2164 Gualterio
557 2090 678 2178 Calvo,
694 2089 834 2191 loquaci
844 2090 973 2180 milite,
985 2118 1049 2190 per
1060 2090 1257 2191 capitulum

190 2205 334 2294 duetus,
350 2204 478 2278 fratres
494 2204 672 2279 osculatus
685 2222 751 2292 est,
767 2222 804 2279 et
822 2221 909 2279 tunc
926 2206 972 2278 ab
990 2207 1068 2304 ipso
1082 2204 1259 2306 quidquid

193 2337 295 2422 pater
303 2347 387 2392 suus
396 2346 553 2421 avusque
561 2319 746 2411 dedemnt,
758 2321 795 2393 S.
808 2320 963 2396 Ebrulso
973 2348 1180 2396 eoncessum
1192 2337 1257 2394 est.

243 2435 408 2536 Denique
415 2435 709 2536 praefatusHugo,
720 2463 802 2509 eum
811 2440 887 2536 jam
898 2438 1144 2538 sexagenarius
1153 2452 1255 2520 esset,

192 2550 287 2652 apud
300 2555 542 2652 Rotomagum
554 2579 668 2626 nonas
682 2554 802 2626 martii
815 2553 1006 2627 defunctus
1022 2570 1092 2641 est3
1112 2570 1149 2627 et
1163 2553 1259 2625 cada-

193 2696 256 2744 ver
272 2672 366 2769 ejus,
386 2673 538 2771 conjuge
555 2696 638 2742 cum
655 2670 737 2742 filiis
751 2668 916 2769 jubente,
933 2669 1091 2744 delatum
1107 2683 1162 2743 est
1176 2669 1258 2742 Uti-

193 2815 290 2862 cum.
311 2789 416 2860 Tunc
434 2786 600 2863 monachi
618 2788 740 2860 fratris
760 2789 815 2860 sui
833 2787 973 2889 glebam
995 2786 1196 2861 honorifice
1220 2789 1256 2858 in

193 2903 350 3003 capitulo
363 2904 593 3003 sepelierunt,
608 2919 644 2977 et
657 2903 721 2976 filii
734 2909 807 3003 ejus
828 2936 837 2976 :
858 2904 1031 2976 Radulfus
1049 2919 1085 2978 et
1102 2903 1257 2978 Guillel-

192 3050 273 3098 mus
295 3047 336 3094 ae
353 3020 529 3094 Arnulfus
539 3075 550 3109 ,
570 3048 606 3097 se
627 3037 663 3095 et
679 3023 800 3095 omnia
818 3036 1087 3109 concesserunt,
1109 3047 1192 3121 quae
1212 3018 1256 3091 ab

193 3135 474 3213 antecesson'bus
489 3138 562 3211 suis
576 3137 735 3212 Uticensi
751 3137 907 3212 eeclesiae
924 3135 1051 3210 collata
1069 3151 1169 3208 sunt.
1189 3136 1257 3206 Ra·

191 3255 312 3330 dulfus
322 3256 442 3355 itaque
453 3255 713 3356 primogenitus
726 3253 836 3327 filiam
848 3253 1019 3328 Rannulfi
1027 3306 1038 3340 ,
1055 3251 1256 3326 canoellurii

191 3375 284 3474 regis
302 3372 468 3460 Henrici,
488 3398 639 3446 uxorem
659 3371 763 3445 duxit
770 3400 782 3461 ς
803 3398 912 3473 quem
933 3371 1042 3471 paulo
1058 3387 1142 3470 post
1157 3396 1256 3443 mor·

191 3506 296 3562 tuum
304 3489 482 3562 Uticensis
496 3504 693 3563 conventus
708 3490 744 3562 in
759 3488 916 3589 capitulo
929 3516 992 3563 suo
1004 3513 1103 3562 secus
1116 3502 1257 3588 patrem

191 3634 297 3680 suum
324 3606 527 3680 tumulavit.
555 3609 691 3682 Deinde
716 3604 929 3682 Guillelmus
953 3603 1112 3705 petrium
1131 3608 1192 3704 jus
1218 3606 1255 3677 iu

191 3725 413 3801 Normanniu
430 3723 603 3798 obtinuit.
624 3725 798 3798 Amulius
821 3749 929 3813 vero,
957 3737 1109 3822 propter
1132 3748 1255 3823 quaes·

308 4000 408 4062 dulim.
418 4003 474 4061 fille
481 4004 559 4063 elnee
570 4006 607 4064 de
616 4007 732 4080 Hugues
740 4005 776 4064 de
786 4003 1008 4073 Grentemesnil‚
1020 4004 1148 4060 marieet
1159 4003 1254 4077 Reger
