2910 4980
195 429 254 490 338
470 427 653 488 HISTORIA
675 427 980 490 ECCLESIASTICA.

195 553 221 614 4.
336 547 469 602 Eusebius
482 546 584 615 duleis,
596 550 666 604 etin
679 548 778 605 ordine
791 549 947 622 pontificali

333 635 482 704 Consum,
496 637 599 692 enituit
610 637 747 694 virtutum
759 637 874 694 floribus
885 638 974 694 almis.

194 797 262 868 Hic
278 821 353 871 xxv
369 798 491 884 annis,
512 812 673 896 tempore
694 795 828 870 hiberii
849 824 951 898 papae
968 812 1004 870 et
1023 797 1169 887 Felicis,
1192 798 1256 872 suh

194 913 454 1003 Constantino,
477 913 620 988 Juliano
644 914 834 1012 Apostata,
855 913 1048 988 Joriniano
1069 930 1106 988 et
1127 913 1254 988 Valen-

195 1031 335 1104 tiniano
351 1030 465 1103 fulsit.

194 1200 220 1257 5.
334 1201 511 1258 Marcellinus
520 1201 588 1256 huic
596 1203 726 1257 suceessit
739 1219 855 1258 munere
866 1202 988 1270 Christi,

333 1291 430 1345 Pastor
440 1290 609 1362 precipuus,
624 1307 735 1345 morum
748 1289 885 1362 probitate
897 1291 1024 1347 decorus.

195 1449 261 1520 Hic
275 1472 324 1519 xx
336 1449 459 1535 annis,
478 1462 639 1546 tempore
650 1447 788 1519 Damasi
802 1471 923 1544 papae,
939 1442 1175 1545 regnantibus
1188 1444 1253 1519 Va-

194 1564 396 1638 lentiniano
414 1579 450 1636 et
466 1562 618 1637 Valente
634 1588 718 1635 cum
735 1561 910 1636 Gratiano
928 1578 965 1635 et
980 1562 1252 1649 Valentiniano,

194 1682 233 1752 in
246 1679 401 1751 Ecclesia
417 1675 509 1751 bene
523 1676 711 1749 laboravit.
728 1679 835 1749 Tunc
851 1676 1031 1751 Antonius
1044 1676 1251 1763 monachus,

194 1796 452 1896 AEgyptiorum
469 1794 682 1868 clarissimus
702 1792 808 1867 obiit.
829 1794 1105 1893 Caesaraugustae
1116 1795 1176 1894 (r)
1194 1795 1254 1869 Pe·

194 1929 272 1987 trus
290 1914 438 2014 insignis
454 1927 579 1987 orator
592 1910 734 1985 claruit.
756 1909 966 1985 Ambrosius
981 1910 1255 1986 Mediolanensis

192 2029 479 2130 inexpugnabilis
493 2055 618 2101 murus
631 2026 793 2103 Arrianis
804 2029 990 2128 oppositus
1006 2044 1071 2103 est.
1087 2030 1255 2103 Constan-

193 2146 433 2244 tinopolitana
453 2144 611 2245 synodus
631 2168 673 2216 cn
692 2145 839 2217 Petrum
859 2159 984 2219 contra
1003 2144 1253 2218 Macedonium

193 2282 230 2339 et
240 2263 466 2338 Eunomium
481 2259 547 2333 sub
563 2260 713 2335 Damaso
725 2287 815 2360 papa
827 2259 1001 2335 celebrata
1017 2277 1083 2334 est.

192 2435 219 2489 6.
333 2430 453 2505 Pervigil
465 2431 495 2485 in
508 2430 611 2503 populo
624 2430 739 2497 Petrus,
754 2429 856 2503 dignus
869 2448 980 2505 quoque
992 2441 1098 2498 custos,

330 2523 429 2578 Sancte
442 2521 619 2577 commissum
631 2521 683 2576 sihi
696 2520 768 2576 rexit
777 2520 978 2595 pontificatum.

193 2686 261 2757 Hic
272 2708 337 2755 xrx
354 2681 475 2771 annis,
500 2696 661 2778 tempore
676 2681 795 2753 Siricii
808 2707 910 2781 papae
929 2698 966 2755 et
979 2682 1175 2769 Anastasii‚
1191 2683 1254 2756 sub

193 2797 397 2872 Theodosio
415 2811 451 2869 et
470 2795 623 2870 Arcadio
646 2797 789 2869 claruit.
811 2799 917 2871 Tunc
938 2799 1115 2872 Martinus
1135 2803 1254 2873 Turo-

192 2914 312 2988 nensis
331 2928 367 2986 et
384 2911 571 2984 Maurilius
595 2911 877 3013 Andegarensis,
895 2913 1043 2988 Basilius
1058 2917 1254 2992 Caesarien·

192 3031 261 3120 sis,
290 3047 326 3103 et
351 3028 500 3128 insignis
524 3045 649 3102 orator
673 3030 895 3129 Augustinus
916 3031 1194 3132 Hipponiensis,
1219 3047 1253 3105 et

192 3149 435 3248 Hieronymus
455 3144 587 3219 divinae
605 3145 691 3246 legis
709 3148 885 3248 interpres
899 3149 1119 3223 micuerunt.

192 3336 218 3392 7.
330 3314 497 3380 victricius,
513 3315 601 3369 victor
612 3315 744 3370 vitiorum
755 3315 835 3371 fortis
846 3325 875 3372 et
887 3315 971 3384 ultor,

331 3403 479 3460 Ecolennm
491 3404 605 3460 Domini
617 3404 754 3461 mandatis
765 3403 868 3461 imbuit
880 3405 968 3461 almis.

194 3558 261 3631 Hio
278 3582 317 3631 xi
334 3557 456 3646 annis,
476 3572 639 3656 tempore
658 3557 861 3631 innocentii
880 3583 995 3656 papae,
1014 3557 1082 3630 sub
1098 3557 1253 3633 Aroedio

193 3690 231 3748 et
248 3673 413 3748 Honorio
430 3670 569 3747 floruit.
589 3674 695 3745 Tunc
713 3673 874 3746 Donatus
890 3673 993 3774 Epiri
1011 3674 1201 3776 episeopus
1220 3690 1275 3750 et.

194 3790 373 3866 Johannes
389 3789 710 3890 ierosolymitanus
725 3789 917 3864 fulserunt.
937 3791 1104 3867 Iuventio
1122 3818 1321 3894 corpo-

194 3910 293 4006 poris
313 3909 351 3981 S.
372 3907 542 4005 Stephani
564 3908 842 4008 protomartyris
865 3907 957 3981 facta
980 3926 1050 3999 est,
1075 3900 1318 3985 revelante

228 4190 267 4262 (ι)
284 4189 439 4262 sassone-
