2910 4980
194 437 253 497 278
468 436 652 498 HISTORIA
674 434 979 498 ucctsslasrlca.
1076 442 1171 515 [usca
1184 440 1257 520 715]

194 553 291 626 tibus
315 578 355 625 ac
383 552 622 628 trementibus
643 579 720 653 prae
744 553 919 629 miraculo
941 554 1040 658 quod
1062 555 1254 647 ridebant,

193 672 282 771 Pega
299 669 534 768 spiritualiter
550 684 729 744 commota
747 696 886 744 nerum
904 696 1036 772 corpus
1049 688 1258 749 reverenter

194 787 231 859 in
245 784 415 874 sindone,
430 811 539 886 quam
551 811 596 860 co
608 787 751 861 virente
762 783 898 887 Egbert
911 787 1117 862 anachorita
1131 789 1172 861 in
1187 787 1258 864 hoc

193 902 348 975 officium
359 901 525 989 miserat,
540 900 713 992 revolvit,
732 916 768 976 et
785 902 1041 1005 sarcophagum
1057 928 1167 1004 super
1181 918 1258 980 ter-

192 1043 270 1091 ram
280 1016 380 1116 quasi
391 1016 569 1117 quoddam
582 1016 790 1092 memoriale
801 1018 937 1118 posuit,
951 1016 1014 1091 ubi
1027 1042 1140 1122 usqam
1153 1018 1259 1095 hodie

193 1132 456 1208 honorabiliter
469 1135 692 1234 requiescit(
715 1136 747 1234 )

246 1249 336 1323 Illuc
361 1251 532 1348 praefatus
554 1250 637 1324 exul
653 1248 887 1340 Edelhaldm,
907 1251 1024 1326 audita
1049 1253 1163 1327 sancti
1187 1252 1257 1326 riri

191 1385 329 1456 morte,
348 1392 509 1441 moerens
530 1367 618 1441 adiit
628 1395 640 1457 ς
669 1369 727 1440 cui
745 1384 837 1467 post
851 1367 1026 1469 lacrymas
1049 1383 1087 1443 et
1112 1368 1259 1470 longam

191 1485 395 1560 orationem
418 1485 455 1557 in
478 1484 643 1582 proxima
668 1485 783 1557 casula
807 1484 1002 1558 dormienti
1031 1499 1175 1558 sanctus
1202 1485 1260 1558 sir

193 1606 383 1700 apparuit,
400 1625 555 1700 eumque
571 1599 796 1688 consolatus,
815 1614 997 1699 sceptrum
1011 1601 1134 1702 regni,
1154 1612 1260 1676 ante-

194 1742 303 1815 quam
322 1739 439 1788 anuus
459 1713 619 1806 finiatur,
642 1716 822 1815 promisit.
841 1717 992 1817 Signum
1009 1741 1158 1818 quoque
1171 1738 1260 1817 pos-

194 1833 289 1905 centi
313 1831 432 1920 dedit,
454 1832 554 1934 quod
578 1833 615 1905 in
639 1833 836 1907 crastiuum
859 1849 943 1908 ante
964 1833 1089 1908 horam
1113 1833 1260 1908 tertiam

192 1944 455 2023 habitatoribus
482 1948 686 2023 Crnlandiae
712 1951 885 2049 insperata
909 1951 1024 2025 victus
1046 1950 1172 2026 solatia
1193 1948 1261 2025 da·

192 2078 333 2139 rentur.
356 2064 431 2138 Nec
448 2089 550 2139 mora
567 2066 713 2139 effectus
732 2065 826 2138 dicta
844 2067 1019 2168 hequitur.
1041 2064 1147 2140 Unde
1163 2064 1260 2153 idem

193 2177 421 2268 Edelbaldus,
433 2195 623 2280 postquam
635 2205 788 2280 regnum
798 2179 944 2278 adeptus
957 2196 1023 2268 est,
1038 2182 1142 2253 miris
1151 2204 1261 2257 orna-

193 2313 402 2372 mentorum
419 2297 609 2369 structuris
626 2296 848 2372 mausoleum
863 2297 1075 2372 venerabilis
1090 2296 1260 2372 Guthlaci

194 2414 388 2487 decoravit.

244 2527 399 2623 Quidam
414 2528 667 2628 paterfamilias
684 2530 721 2602 in
738 2529 923 2628 provincia
936 2530 1038 2602 Wisa
1055 2531 1113 2629 (a)
1134 2530 1261 2604 oculo·

194 2672 279 2718 rum
295 2645 417 2718 lumen
437 2670 652 2744 perannum
675 2644 848 2744 perdidit,
874 2672 940 2719 nec
962 2645 1050 2719 illud
1073 2647 1156 2719 ullis
1180 2652 1261 2747 pig-

194 2777 405 2834 mentorum
423 2759 594 2834 fomentis
616 2782 824 2860 recuperare
841 2762 974 2860 potuit.
994 2760 1155 2836 'laudem
1176 2784 1262 2834 cum

197 2876 267 2951 fide
277 2877 506 2950 Grulaudiam
519 2876 725 2977 perductus,
738 2877 961 2975 colloquium
970 2877 1260 2980 rirginisChristi

197 2993 300 3092 Pegae
313 2992 484 3090 appetiit,
499 2995 599 3095 cujus
610 2994 786 3092 permissu
801 2993 896 3066 intra
909 2994 1110 3067 oratorium
1124 2992 1169 3066 ad
1182 3015 1262 3067 cor·

197 3137 263 3210 pus
280 3123 442 3183 sanctum
459 3108 639 3183 recubuit.
658 3110 720 3182 llla
734 3136 820 3184 vero
833 3112 973 3210 partem
988 3111 1164 3211 glutinam
1182 3109 1262 3184 salis

197 3254 216 3298 a
233 3240 358 3301 sancto
372 3226 452 3300 viro
467 3242 550 3299 ante
563 3242 805 3302 consecratam
818 3227 855 3299 in
868 3251 995 3327 aquam
1006 3226 1111 3319 rasit,
1128 3241 1165 3300 et
1178 3225 1262 3301 inde

234 3565 273 3633 (ι)
289 3561 430 3616 Plusieurs
442 3560 568 3633 porticus
585 3559 621 3614 de
637 3569 709 3614 cette
725 3559 826 3633 phrase
837 3570 888 3616 ont
903 3578 943 3615 nn
956 3579 1019 3616 scus
1034 3562 1180 3636 baemup
1199 3561 1262 3637 plus

199 3650 267 3706 clair
277 3660 307 3705 et
319 3648 381 3722 plus
393 3647 557 3704 satisfaisant
569 3647 637 3702 dans
650 3647 676 3702 la
688 3647 804 3723 legende
817 3649 965 3723 primitive.
979 3651 1053 3708 C’est
1064 3650 1134 3707 ainsi
1145 3651 1262 3727 qu’ouy

199 3738 246 3808 lit,
262 3757 297 3793 au
308 3738 365 3793 lieu
379 3737 414 3792 dc
423 3738 608 3809 spiritualiter
617 3745 771 3805 commotae,
785 3752 828 3793 ces
837 3746 910 3793 mota
919 3753 928 3793 ε’
940 3739 1061 3810 spiritali
1072 3737 1178 3814 gaudio
1187 3756 1262 3796 com·

200 3839 289 3896 nrota,
309 3838 338 3882 et
354 3825 416 3900 plus
432 3826 489 3881 loiu
508 3849 513 3880 :
534 3825 625 3880 sedet
637 3827 841 3900 sarcophagum
857 3847 913 3883 uon
930 3828 1012 3885 humo
1025 3839 1108 3885 terroe
1119 3824 1257 3898 suffit,

199 3922 282 3974 immo
295 3919 377 3970 etrum
390 3918 418 3969 in
429 3915 586 3969 mcmorsulc
598 3913 739 3987 quoddam
750 3919 857 3988 possut,
871 3925 922 3971 etc.

236 4007 274 4074 (a)
292 4004 366 4058 Dans
378 4003 404 4057 le
417 4003 486 4058 recit
499 4003 534 4058 de
548 4001 639 4072 Felix,
655 4021 685 4058 ce
700 4023 764 4078 pays
777 4015 819 4059 est
833 4007 944 4060 nomme
957 4005 1057 4060 Wissa.
1069 4004 1144 4061 C'eat
1154 4004 1183 4060 la
1195 4022 1259 4080 pro·

201 4095 279 4147 vince
291 4092 339 4145 des
351 4092 471 4161 Huiccii,
485 4093 534 4167 qui
547 4093 673 4166 occupait
685 4093 711 4149 la
728 4094 818 4151 meme
830 4096 1058 4169 circonscription
1071 4112 1127 4169 que
1139 4094 1260 4153 l’dreehe

202 4184 236 4237 de
252 4184 418 4236 tt'orcestcr.
