<?xml version="1.0" encoding="UTF-8"?>
<!DOCTYPE html PUBLIC "-//W3C//DTD XHTML 1.0 Transitional//EN"
    "http://www.w3.org/TR/xhtml1/DTD/xhtml1-transitional.dtd">
<html xmlns="http://www.w3.org/1999/xhtml" xml:lang="en" lang="en">
 <head>
  <title>
</title>
<meta http-equiv="Content-Type" content="text/html;charset=utf-8" />
  <meta name='ocr-system' content='tesseract 3.04.00' />
  <meta name='ocr-capabilities' content='ocr_page ocr_carea ocr_par ocr_line ocrx_word'/>
</head>
<body>
  <div class='ocr_page' id='page_1' title='image "./ordericivitalis01deligoog_0103.png"; bbox 0 0 2910 4980; ppageno 0'>
   <div class='ocr_carea' id='block_1_1' title="bbox 193 442 1263 525">
    <p class='ocr_par' dir='ltr' id='par_1_1' title="bbox 193 442 1263 525">
     <span class='ocr_line' id='line_1_1' title="bbox 193 442 1263 525; baseline 0.003 -19"><span class='ocrx_word' id='word_1_1' title='bbox 193 448 235 506; x_wconf 86' lang='grc'><strong>90</strong></span> <span class='ocrx_word' id='word_1_2' title='bbox 469 442 651 504; x_wconf 74' lang='lat' dir='ltr'><strong>fltsrotut</strong></span> <span class='ocrx_word' id='word_1_3' title='bbox 673 442 979 505; x_wconf 66' lang='lat' dir='ltr'><strong>Ecctmtasncs.</strong></span> <span class='ocrx_word' id='word_1_4' title='bbox 1053 445 1263 525; x_wconf 65' lang='grc'><strong>[10614063]</strong></span> 
     </span>
    </p>
   </div>
   <div class='ocr_carea' id='block_1_2' title="bbox 191 561 1265 2532">
    <p class='ocr_par' dir='ltr' id='par_1_2' title="bbox 191 561 1265 2532">
     <span class='ocr_line' id='line_1_2' title="bbox 192 561 1263 666; baseline 0.005 -30"><span class='ocrx_word' id='word_1_5' title='bbox 192 561 396 639; x_wconf 73' lang='lat' dir='ltr'><strong>monachile</strong></span> <span class='ocrx_word' id='word_1_6' title='bbox 411 562 624 637; x_wconf 85' lang='lat' dir='ltr'><strong>coenobium</strong></span> <span class='ocrx_word' id='word_1_7' title='bbox 641 564 679 637; x_wconf 89' lang='lat' dir='ltr'><strong>iu</strong></span> <span class='ocrx_word' id='word_1_8' title='bbox 695 563 835 639; x_wconf 81' lang='lat' dir='ltr'><strong>honore</strong></span> <span class='ocrx_word' id='word_1_9' title='bbox 850 581 981 638; x_wconf 85' lang='lat' dir='ltr'><strong>sanctae</strong></span> <span class='ocrx_word' id='word_1_10' title='bbox 993 564 1059 638; x_wconf 86' lang='lat' dir='ltr'><strong>Dei</strong></span> <span class='ocrx_word' id='word_1_11' title='bbox 1075 567 1263 666; x_wconf 74' lang='lat' dir='ltr'>genitricis</span> 
     </span>
     <span class='ocr_line' id='line_1_3' title="bbox 192 682 1262 782; baseline 0.003 -28"><span class='ocrx_word' id='word_1_12' title='bbox 192 682 318 756; x_wconf 85' lang='lat' dir='ltr'><strong>Mariae</strong></span> <span class='ocrx_word' id='word_1_13' title='bbox 340 683 501 756; x_wconf 78' lang='lat' dir='ltr'><strong>construi</strong></span> <span class='ocrx_word' id='word_1_14' title='bbox 531 682 718 782; x_wconf 83' lang='lat' dir='ltr'><strong>praecepit.</strong></span> <span class='ocrx_word' id='word_1_15' title='bbox 748 683 892 781; x_wconf 83' lang='lat' dir='ltr'><strong>Magnas</strong></span> <span class='ocrx_word' id='word_1_16' title='bbox 920 683 1157 781; x_wconf 86' lang='lat' dir='ltr'><strong>possessiones</strong></span> <span class='ocrx_word' id='word_1_17' title='bbox 1186 700 1262 757; x_wconf 90' lang='lat' dir='ltr'><strong>tam</strong></span> 
     </span>
     <span class='ocr_line' id='line_1_4' title="bbox 193 797 1263 907; baseline 0.006 -38"><span class='ocrx_word' id='word_1_18' title='bbox 193 797 267 897; x_wconf 86' lang='lat' dir='ltr'><strong>ipse</strong></span> <span class='ocrx_word' id='word_1_19' title='bbox 287 797 360 870; x_wconf 83' lang='lat' dir='ltr'><strong>dux</strong></span> <span class='ocrx_word' id='word_1_20' title='bbox 376 825 483 899; x_wconf 89' lang='lat' dir='ltr'><strong>quam</strong></span> <span class='ocrx_word' id='word_1_21' title='bbox 506 797 564 870; x_wconf 88' lang='lat' dir='ltr'><strong>alii</strong></span> <span class='ocrx_word' id='word_1_22' title='bbox 587 798 792 871; x_wconf 90' lang='lat' dir='ltr'><strong>Normauni</strong></span> <span class='ocrx_word' id='word_1_23' title='bbox 816 798 999 907; x_wconf 67' lang='lat' dir='ltr'><strong>praediqtae</strong></span> <span class='ocrx_word' id='word_1_24' title='bbox 1017 799 1176 873; x_wconf 81' lang='lat' dir='ltr'><strong>ecclesiae</strong></span> <span class='ocrx_word' id='word_1_25' title='bbox 1193 800 1263 875; x_wconf 81' lang='lat' dir='ltr'><strong>de-</strong></span> 
     </span>
     <span class='ocr_line' id='line_1_5' title="bbox 192 912 1262 1018; baseline 0.004 -32"><span class='ocrx_word' id='word_1_26' title='bbox 192 912 325 987; x_wconf 89' lang='lat' dir='ltr'><strong>derunt</strong></span> <span class='ocrx_word' id='word_1_27' title='bbox 339 966 351 1003; x_wconf 92' lang='lat'><strong>,</strong></span> <span class='ocrx_word' id='word_1_28' title='bbox 367 929 407 989; x_wconf 88' lang='lat' dir='ltr'><strong>ct</strong></span> <span class='ocrx_word' id='word_1_29' title='bbox 429 913 654 989; x_wconf 90' lang='lat' dir='ltr'><strong>orationibus</strong></span> <span class='ocrx_word' id='word_1_30' title='bbox 674 912 851 1001; x_wconf 87' lang='lat' dir='ltr'><strong>fidelium,</strong></span> <span class='ocrx_word' id='word_1_31' title='bbox 873 915 937 1012; x_wconf 88' lang='lat' dir='ltr'><strong>qui</strong></span> <span class='ocrx_word' id='word_1_32' title='bbox 957 914 1033 987; x_wconf 92' lang='lat' dir='ltr'><strong>illic</strong></span> <span class='ocrx_word' id='word_1_33' title='bbox 1055 919 1262 1018; x_wconf 77' lang='lat' dir='ltr'><strong>congregati</strong></span> 
     </span>
     <span class='ocr_line' id='line_1_6' title="bbox 191 1030 1263 1132; baseline 0.005 -29"><span class='ocrx_word' id='word_1_34' title='bbox 191 1057 253 1104; x_wconf 85' lang='lat' dir='ltr'><strong>seu</strong></span> <span class='ocrx_word' id='word_1_35' title='bbox 269 1031 509 1132; x_wconf 79' lang='lat' dir='ltr'><strong>congregandi</strong></span> <span class='ocrx_word' id='word_1_36' title='bbox 527 1048 630 1106; x_wconf 88' lang='lat' dir='ltr'><strong>erant</strong></span> <span class='ocrx_word' id='word_1_37' title='bbox 647 1031 691 1104; x_wconf 89' lang='lat' dir='ltr'><strong>ad</strong></span> <span class='ocrx_word' id='word_1_38' title='bbox 709 1031 874 1105; x_wconf 88' lang='lat' dir='ltr'><strong>militiam</strong></span> <span class='ocrx_word' id='word_1_39' title='bbox 890 1030 1046 1123; x_wconf 86' lang='lat' dir='ltr'>Christi,</span> <span class='ocrx_word' id='word_1_40' title='bbox 1066 1060 1140 1108; x_wconf 88' lang='lat' dir='ltr'><strong>sese</strong></span> <span class='ocrx_word' id='word_1_41' title='bbox 1155 1061 1263 1130; x_wconf 87' lang='lat' dir='ltr'><strong>com-</strong></span> 
     </span>
     <span class='ocr_line' id='line_1_7' title="bbox 193 1146 1262 1226; baseline 0.006 -6"><span class='ocrx_word' id='word_1_42' title='bbox 193 1146 466 1222; x_wconf 88' lang='lat' dir='ltr'><strong>mendaverunt.</strong></span> <span class='ocrx_word' id='word_1_43' title='bbox 485 1147 539 1220; x_wconf 90' lang='lat' dir='ltr'><strong>lbi</strong></span> <span class='ocrx_word' id='word_1_44' title='bbox 555 1150 582 1222; x_wconf 85' lang='lat' dir='ltr'>F</span> <span class='ocrx_word' id='word_1_45' title='bbox 584 1149 784 1223; x_wconf 86' lang='lat' dir='ltr'><strong>redeseudis</strong></span> <span class='ocrx_word' id='word_1_46' title='bbox 796 1175 888 1222; x_wconf 83' lang='lat' dir='ltr'><strong>uxor</strong></span> <span class='ocrx_word' id='word_1_47' title='bbox 900 1150 1077 1224; x_wconf 88' lang='lat' dir='ltr'><strong>Taucredi</strong></span> <span class='ocrx_word' id='word_1_48' title='bbox 1094 1151 1140 1226; x_wconf 88' lang='lat' dir='ltr'><strong>de</strong></span> <span class='ocrx_word' id='word_1_49' title='bbox 1152 1152 1262 1226; x_wconf 77' lang='lat' dir='ltr'><strong>Alta·</strong></span> 
     </span>
     <span class='ocr_line' id='line_1_8' title="bbox 192 1266 1260 1369; baseline 0.002 -28"><span class='ocrx_word' id='word_1_50' title='bbox 192 1266 287 1341; x_wconf 85' lang='lat' dir='ltr'><strong>Villa</strong></span> <span class='ocrx_word' id='word_1_51' title='bbox 308 1267 363 1366; x_wconf 89' lang='lat'><strong>(1)</strong></span> <span class='ocrx_word' id='word_1_52' title='bbox 382 1267 520 1366; x_wconf 83' lang='lat' dir='ltr'><strong>sepulta</strong></span> <span class='ocrx_word' id='word_1_53' title='bbox 544 1282 615 1350; x_wconf 88' lang='lat' dir='ltr'><strong>est;</strong></span> <span class='ocrx_word' id='word_1_54' title='bbox 641 1293 709 1367; x_wconf 87' lang='lat' dir='ltr'><strong>pro</strong></span> <span class='ocrx_word' id='word_1_55' title='bbox 729 1291 799 1367; x_wconf 84' lang='lat' dir='ltr'><strong>qua</strong></span> <span class='ocrx_word' id='word_1_56' title='bbox 814 1266 1022 1341; x_wconf 83' lang='lat' dir='ltr'><strong>Wiscardus</strong></span> <span class='ocrx_word' id='word_1_57' title='bbox 1045 1266 1142 1341; x_wconf 88' lang='lat' dir='ltr'><strong>lilius</strong></span> <span class='ocrx_word' id='word_1_58' title='bbox 1164 1272 1260 1369; x_wconf 88' lang='lat' dir='ltr'><strong>ejus,</strong></span> 
     </span>
     <span class='ocr_line' id='line_1_9' title="bbox 193 1382 1261 1486; baseline 0.004 -31"><span class='ocrx_word' id='word_1_59' title='bbox 193 1382 564 1484; x_wconf 82' lang='lat' dir='ltr'><strong>quemdammagnum</strong></span> <span class='ocrx_word' id='word_1_60' title='bbox 575 1382 856 1457; x_wconf 85' lang='lat' dir='ltr'><strong>fundumeidem</strong></span> <span class='ocrx_word' id='word_1_61' title='bbox 866 1384 1024 1457; x_wconf 75' lang='lat' dir='ltr'><strong>ecclesiae</strong></span> <span class='ocrx_word' id='word_1_62' title='bbox 1032 1384 1182 1486; x_wconf 79' lang='lat' dir='ltr'><strong>largitus</strong></span> <span class='ocrx_word' id='word_1_63' title='bbox 1192 1400 1261 1461; x_wconf 87' lang='lat' dir='ltr'><strong>est.</strong></span> 
     </span>
     <span class='ocr_line' id='line_1_10' title="bbox 193 1497 1264 1600; baseline 0.003 -27"><span class='ocrx_word' id='word_1_64' title='bbox 193 1500 293 1574; x_wconf 87' lang='lat' dir='ltr'>Idem</span> <span class='ocrx_word' id='word_1_65' title='bbox 305 1501 472 1600; x_wconf 87' lang='lat' dir='ltr'><strong>princeps</strong></span> <span class='ocrx_word' id='word_1_66' title='bbox 488 1497 702 1575; x_wconf 88' lang='lat' dir='ltr'><strong>coenobium</strong></span> <span class='ocrx_word' id='word_1_67' title='bbox 714 1515 847 1573; x_wconf 87' lang='lat' dir='ltr'><strong>sanctae</strong></span> <span class='ocrx_word' id='word_1_68' title='bbox 861 1501 1050 1575; x_wconf 79' lang='lat' dir='ltr'><strong>Trinitatis</strong></span> <span class='ocrx_word' id='word_1_69' title='bbox 1066 1501 1104 1574; x_wconf 89' lang='lat' dir='ltr'><strong>in</strong></span> <span class='ocrx_word' id='word_1_70' title='bbox 1117 1503 1264 1577; x_wconf 83' lang='lat' dir='ltr'><strong>civitate</strong></span> 
     </span>
     <span class='ocr_line' id='line_1_11' title="bbox 193 1614 1263 1713; baseline 0 -22"><span class='ocrx_word' id='word_1_71' title='bbox 193 1615 348 1691; x_wconf 80' lang='lat' dir='ltr'><strong>Venusia</strong></span> <span class='ocrx_word' id='word_1_72' title='bbox 367 1615 422 1713; x_wconf 83' lang='lat' dir='ltr'><strong>(a)</strong></span> <span class='ocrx_word' id='word_1_73' title='bbox 442 1615 616 1711; x_wconf 84' lang='lat' dir='ltr'><strong>praedieto</strong></span> <span class='ocrx_word' id='word_1_74' title='bbox 636 1615 730 1713; x_wconf 88' lang='lat' dir='ltr'><strong>patri</strong></span> <span class='ocrx_word' id='word_1_75' title='bbox 754 1614 1033 1688; x_wconf 85' lang='lat' dir='ltr'><strong>commendavit.</strong></span> <span class='ocrx_word' id='word_1_76' title='bbox 1056 1616 1120 1691; x_wconf 90' lang='lat' dir='ltr'><strong>Ille</strong></span> <span class='ocrx_word' id='word_1_77' title='bbox 1138 1632 1263 1691; x_wconf 83' lang='lat' dir='ltr'><strong>autem</strong></span> 
     </span>
     <span class='ocr_line' id='line_1_12' title="bbox 195 1731 1265 1833; baseline 0.003 -29"><span class='ocrx_word' id='word_1_78' title='bbox 195 1734 453 1832; x_wconf 83' lang='lat' dir='ltr'><strong>berengarium</strong></span> <span class='ocrx_word' id='word_1_79' title='bbox 470 1732 587 1805; x_wconf 87' lang='lat' dir='ltr'><strong>filium</strong></span> <span class='ocrx_word' id='word_1_80' title='bbox 605 1731 755 1806; x_wconf 87' lang='lat' dir='ltr'><strong>Ernaldi</strong></span> <span class='ocrx_word' id='word_1_81' title='bbox 779 1731 844 1805; x_wconf 92' lang='lat' dir='ltr'><strong>filii</strong></span> <span class='ocrx_word' id='word_1_82' title='bbox 863 1732 1033 1833; x_wconf 80' lang='lat' dir='ltr'><strong>Helgonis</strong></span> <span class='ocrx_word' id='word_1_83' title='bbox 1055 1733 1265 1810; x_wconf 72' lang='lat' dir='ltr'><strong>Utioensm</strong></span> 
     </span>
     <span class='ocr_line' id='line_1_13' title="bbox 194 1848 1264 1950; baseline 0.003 -27"><span class='ocrx_word' id='word_1_84' title='bbox 194 1849 414 1924; x_wconf 88' lang='lat' dir='ltr'><strong>monachum</strong></span> <span class='ocrx_word' id='word_1_85' title='bbox 435 1850 562 1946; x_wconf 79' lang='lat' dir='ltr'><strong>clegit,</strong></span> <span class='ocrx_word' id='word_1_86' title='bbox 589 1849 693 1925; x_wconf 84' lang='lat' dir='ltr'><strong>etad</strong></span> <span class='ocrx_word' id='word_1_87' title='bbox 716 1848 981 1948; x_wconf 90' lang='lat' dir='ltr'><strong>suscipiendum</strong></span> <span class='ocrx_word' id='word_1_88' title='bbox 1005 1850 1166 1950; x_wconf 83' lang='lat' dir='ltr'><strong>regimen</strong></span> <span class='ocrx_word' id='word_1_89' title='bbox 1184 1849 1264 1925; x_wconf 79' lang='lat' dir='ltr'><strong>Ve-</strong></span> 
     </span>
     <span class='ocr_line' id='line_1_14' title="bbox 194 1963 1264 2064; baseline -0.003 -25"><span class='ocrx_word' id='word_1_90' title='bbox 194 1965 371 2039; x_wconf 83' lang='lat' dir='ltr'><strong>nusiensis</strong></span> <span class='ocrx_word' id='word_1_91' title='bbox 389 1963 550 2039; x_wconf 89' lang='lat' dir='ltr'><strong>coenobii</strong></span> <span class='ocrx_word' id='word_1_92' title='bbox 570 1963 775 2039; x_wconf 80' lang='lat' dir='ltr'><strong>Alexandro</strong></span> <span class='ocrx_word' id='word_1_93' title='bbox 797 1991 900 2064; x_wconf 79' lang='lat' dir='ltr'><strong>papae</strong></span> <span class='ocrx_word' id='word_1_94' title='bbox 920 1966 1163 2064; x_wconf 76' lang='lat' dir='ltr'><strong>praesentavit.</strong></span> <span class='ocrx_word' id='word_1_95' title='bbox 1190 1964 1264 2059; x_wconf 86' lang='lat' dir='ltr'><strong>Qui</strong></span> 
     </span>
     <span class='ocr_line' id='line_1_15' title="bbox 193 2080 1265 2182; baseline 0.001 -26"><span class='ocrx_word' id='word_1_96' title='bbox 193 2099 276 2182; x_wconf 89' lang='lat' dir='ltr'><strong>post</strong></span> <span class='ocrx_word' id='word_1_97' title='bbox 298 2099 503 2182; x_wconf 78' lang='lat' dir='ltr'><strong>perceptam</strong></span> <span class='ocrx_word' id='word_1_98' title='bbox 524 2081 839 2171; x_wconf 85' lang='lat' dir='ltr'><strong>benedictionem,</strong></span> <span class='ocrx_word' id='word_1_99' title='bbox 866 2082 1038 2182; x_wconf 89' lang='lat' dir='ltr'><strong>quamdiu</strong></span> <span class='ocrx_word' id='word_1_100' title='bbox 1058 2080 1265 2159; x_wconf 78' lang='lat' dir='ltr'><strong>Alexander</strong></span> 
     </span>
     <span class='ocr_line' id='line_1_16' title="bbox 194 2199 1265 2300; baseline -0.001 -27"><span class='ocrx_word' id='word_1_101' title='bbox 194 2214 232 2273; x_wconf 89' lang='lat' dir='ltr'><strong>et</strong></span> <span class='ocrx_word' id='word_1_102' title='bbox 245 2201 445 2300; x_wconf 83' lang='lat' dir='ltr'><strong>-Gregorius</strong></span> <span class='ocrx_word' id='word_1_103' title='bbox 467 2226 508 2272; x_wconf 89' lang='lat' dir='ltr'><strong>ac</strong></span> <span class='ocrx_word' id='word_1_104' title='bbox 535 2199 735 2274; x_wconf 86' lang='lat' dir='ltr'><strong>Desiderius</strong></span> <span class='ocrx_word' id='word_1_105' title='bbox 759 2199 992 2299; x_wconf 86' lang='lat' dir='ltr'><strong>apostolicam</strong></span> <span class='ocrx_word' id='word_1_106' title='bbox 1013 2202 1136 2276; x_wconf 86' lang='lat' dir='ltr'><strong>sedem</strong></span> <span class='ocrx_word' id='word_1_107' title='bbox 1157 2223 1265 2273; x_wconf 79' lang='lat' dir='ltr'><strong>rexe-</strong></span> 
     </span>
     <span class='ocr_line' id='line_1_17' title="bbox 194 2315 1262 2405; baseline 0.001 -16"><span class='ocrx_word' id='word_1_108' title='bbox 194 2333 296 2405; x_wconf 87' lang='lat' dir='ltr'><strong>runt,</strong></span> <span class='ocrx_word' id='word_1_109' title='bbox 308 2344 431 2390; x_wconf 88' lang='lat' dir='ltr'><strong>curam</strong></span> <span class='ocrx_word' id='word_1_110' title='bbox 445 2315 835 2391; x_wconf 83' lang='lat' dir='ltr'><strong>Venusiensisabbatiae</strong></span> <span class='ocrx_word' id='word_1_111' title='bbox 848 2316 1113 2391; x_wconf 81' lang='lat' dir='ltr'><strong>honorabiliter</strong></span> <span class='ocrx_word' id='word_1_112' title='bbox 1122 2317 1262 2404; x_wconf 79' lang='lat' dir='ltr'><strong>tenuit3</strong></span> 
     </span>
     <span class='ocr_line' id='line_1_18' title="bbox 193 2431 1264 2532; baseline 0.001 -27"><span class='ocrx_word' id='word_1_113' title='bbox 193 2433 323 2506; x_wconf 88' lang='lat' dir='ltr'><strong>deinde</strong></span> <span class='ocrx_word' id='word_1_114' title='bbox 343 2431 567 2530; x_wconf 86' lang='lat' dir='ltr'><strong>temporibus</strong></span> <span class='ocrx_word' id='word_1_115' title='bbox 587 2431 727 2504; x_wconf 85' lang='lat' dir='ltr'><strong>Urbani</strong></span> <span class='ocrx_word' id='word_1_116' title='bbox 749 2459 848 2532; x_wconf 85' lang='lat' dir='ltr'><strong>papae</strong></span> <span class='ocrx_word' id='word_1_117' title='bbox 868 2461 887 2505; x_wconf 90' lang='lat' dir='ltr'><strong>a</strong></span> <span class='ocrx_word' id='word_1_118' title='bbox 912 2432 1017 2532; x_wconf 90' lang='lat' dir='ltr'><strong>plebe</strong></span> <span class='ocrx_word' id='word_1_119' title='bbox 1039 2433 1171 2506; x_wconf 87' lang='lat' dir='ltr'><strong>electus</strong></span> <span class='ocrx_word' id='word_1_120' title='bbox 1188 2432 1264 2531; x_wconf 91' lang='lat' dir='ltr'><strong>epi·</strong></span> 
     </span>
    </p>
   </div>
   <div class='ocr_carea' id='block_1_3' title="bbox 195 2548 1266 2884">
    <p class='ocr_par' dir='ltr' id='par_1_3' title="bbox 195 2548 1266 2884">
     <span class='ocr_line' id='line_1_19' title="bbox 196 2548 1265 2650; baseline 0.001 -29"><span class='ocrx_word' id='word_1_121' title='bbox 196 2565 382 2648; x_wconf 86' lang='lat' dir='ltr'><strong>scopatum</strong></span> <span class='ocrx_word' id='word_1_122' title='bbox 395 2549 550 2646; x_wconf 88' lang='lat' dir='ltr'><strong>ejusdem</strong></span> <span class='ocrx_word' id='word_1_123' title='bbox 568 2549 669 2621; x_wconf 88' lang='lat' dir='ltr'><strong>urbis</strong></span> <span class='ocrx_word' id='word_1_124' title='bbox 687 2552 853 2650; x_wconf 88' lang='lat' dir='ltr'><strong>suscepit.</strong></span> <span class='ocrx_word' id='word_1_125' title='bbox 870 2551 937 2623; x_wconf 90' lang='lat' dir='ltr'><strong>Hic</strong></span> <span class='ocrx_word' id='word_1_126' title='bbox 955 2550 1068 2624; x_wconf 88' lang='lat' dir='ltr'><strong>nobili</strong></span> <span class='ocrx_word' id='word_1_127' title='bbox 1081 2548 1265 2650; x_wconf 83' lang='lat' dir='ltr'><strong>parentela</strong></span> 
     </span>
     <span class='ocr_line' id='line_1_20' title="bbox 195 2664 1266 2765; baseline 0 -26"><span class='ocrx_word' id='word_1_128' title='bbox 195 2684 363 2758; x_wconf 85' lang='lat' dir='ltr'><strong>exortus,</strong></span> <span class='ocrx_word' id='word_1_129' title='bbox 381 2665 426 2738; x_wconf 90' lang='lat' dir='ltr'><strong>ab</strong></span> <span class='ocrx_word' id='word_1_130' title='bbox 445 2664 597 2739; x_wconf 80' lang='lat' dir='ltr'><strong>infantia</strong></span> <span class='ocrx_word' id='word_1_131' title='bbox 618 2664 685 2738; x_wconf 91' lang='lat' dir='ltr'><strong>sub</strong></span> <span class='ocrx_word' id='word_1_132' title='bbox 702 2666 901 2742; x_wconf 85' lang='lat' dir='ltr'><strong>Teoderico</strong></span> <span class='ocrx_word' id='word_1_133' title='bbox 918 2665 1047 2741; x_wconf 79' lang='lat' dir='ltr'><strong>abbate</strong></span> <span class='ocrx_word' id='word_1_134' title='bbox 1066 2665 1162 2765; x_wconf 86' lang='lat' dir='ltr'><strong>apud</strong></span> <span class='ocrx_word' id='word_1_135' title='bbox 1179 2664 1266 2739; x_wconf 87' lang='lat' dir='ltr'><strong>Uti·</strong></span> 
     </span>
     <span class='ocr_line' id='line_1_21' title="bbox 196 2781 1263 2884; baseline 0 -30"><span class='ocrx_word' id='word_1_136' title='bbox 196 2808 281 2855; x_wconf 86' lang='lat' dir='ltr'><strong>cum</strong></span> <span class='ocrx_word' id='word_1_137' title='bbox 294 2781 441 2856; x_wconf 87' lang='lat' dir='ltr'><strong>Christo</strong></span> <span class='ocrx_word' id='word_1_138' title='bbox 457 2781 646 2869; x_wconf 85' lang='lat' dir='ltr'><strong>militavit,</strong></span> <span class='ocrx_word' id='word_1_139' title='bbox 664 2784 864 2882; x_wconf 83' lang='lat' dir='ltr'><strong>peritiaque</strong></span> <span class='ocrx_word' id='word_1_140' title='bbox 880 2783 1019 2884; x_wconf 83' lang='lat' dir='ltr'><strong>legendi</strong></span> <span class='ocrx_word' id='word_1_141' title='bbox 1037 2798 1073 2857; x_wconf 90' lang='lat' dir='ltr'><strong>et</strong></span> <span class='ocrx_word' id='word_1_142' title='bbox 1090 2781 1263 2871; x_wconf 85' lang='lat' dir='ltr'><strong>canendi,</strong></span> 
     </span>
    </p>
   </div>
   <div class='ocr_carea' id='block_1_4' title="bbox 193 2898 1268 3811">
    <p class='ocr_par' dir='ltr' id='par_1_4' title="bbox 193 2898 1268 3811">
     <span class='ocr_line' id='line_1_22' title="bbox 196 2898 1266 2999; baseline -0.001 -26"><span class='ocrx_word' id='word_1_143' title='bbox 196 2900 403 2999; x_wconf 90' lang='lat' dir='ltr'><strong>optimeque</strong></span> <span class='ocrx_word' id='word_1_144' title='bbox 421 2898 601 2973; x_wconf 89' lang='lat' dir='ltr'><strong>scribendi</strong></span> <span class='ocrx_word' id='word_1_145' title='bbox 621 2899 760 2973; x_wconf 88' lang='lat' dir='ltr'><strong>lloruit.</strong></span> <span class='ocrx_word' id='word_1_146' title='bbox 785 2901 922 2976; x_wconf 88' lang='lat' dir='ltr'><strong>Deinde</strong></span> <span class='ocrx_word' id='word_1_147' title='bbox 940 2915 981 2974; x_wconf 89' lang='lat' dir='ltr'><strong>ut</strong></span> <span class='ocrx_word' id='word_1_148' title='bbox 998 2899 1171 2988; x_wconf 85' lang='lat' dir='ltr'><strong>diximus,</strong></span> <span class='ocrx_word' id='word_1_149' title='bbox 1196 2898 1266 2972; x_wconf 89' lang='lat' dir='ltr'><strong>ab·</strong></span> 
     </span>
     <span class='ocr_line' id='line_1_23' title="bbox 195 3014 1267 3116; baseline 0 -27"><span class='ocrx_word' id='word_1_150' title='bbox 195 3014 317 3089; x_wconf 88' lang='lat' dir='ltr'><strong>batem</strong></span> <span class='ocrx_word' id='word_1_151' title='bbox 335 3041 440 3087; x_wconf 90' lang='lat' dir='ltr'><strong>suum</strong></span> <span class='ocrx_word' id='word_1_152' title='bbox 456 3030 617 3105; x_wconf 84' lang='lat' dir='ltr'><strong>secutus,</strong></span> <span class='ocrx_word' id='word_1_153' title='bbox 635 3032 674 3090; x_wconf 93' lang='lat' dir='ltr'><strong>et</strong></span> <span class='ocrx_word' id='word_1_154' title='bbox 690 3014 735 3089; x_wconf 89' lang='lat' dir='ltr'><strong>ab</strong></span> <span class='ocrx_word' id='word_1_155' title='bbox 754 3018 831 3116; x_wconf 89' lang='lat' dir='ltr'><strong>ipso</strong></span> <span class='ocrx_word' id='word_1_156' title='bbox 849 3016 894 3091; x_wconf 86' lang='lat' dir='ltr'><strong>ad</strong></span> <span class='ocrx_word' id='word_1_157' title='bbox 908 3017 1125 3115; x_wconf 86' lang='lat' dir='ltr'><strong>pastoralem</strong></span> <span class='ocrx_word' id='word_1_158' title='bbox 1140 3042 1267 3089; x_wconf 88' lang='lat' dir='ltr'><strong>curam</strong></span> 
     </span>
     <span class='ocr_line' id='line_1_24' title="bbox 195 3131 1266 3235; baseline -0.001 -28"><span class='ocrx_word' id='word_1_159' title='bbox 195 3132 422 3232; x_wconf 87' lang='lat' dir='ltr'><strong>adsumptus,</strong></span> <span class='ocrx_word' id='word_1_160' title='bbox 451 3131 623 3230; x_wconf 89' lang='lat' dir='ltr'><strong>pusillum</strong></span> <span class='ocrx_word' id='word_1_161' title='bbox 645 3159 789 3233; x_wconf 84' lang='lat' dir='ltr'><strong>gregem</strong></span> <span class='ocrx_word' id='word_1_162' title='bbox 806 3158 855 3206; x_wconf 88' lang='lat' dir='ltr'><strong>xx</strong></span> <span class='ocrx_word' id='word_1_163' title='bbox 877 3132 1139 3206; x_wconf 81' lang='lat' dir='ltr'><strong>morrachorum</strong></span> <span class='ocrx_word' id='word_1_164' title='bbox 1156 3159 1266 3235; x_wconf 90' lang='lat' dir='ltr'><strong>quem</strong></span> 
     </span>
     <span class='ocr_line' id='line_1_25' title="bbox 195 3248 1267 3350; baseline 0 -29"><span class='ocrx_word' id='word_1_165' title='bbox 195 3250 351 3350; x_wconf 90' lang='lat' dir='ltr'><strong>recepit,</strong></span> <span class='ocrx_word' id='word_1_166' title='bbox 376 3248 638 3349; x_wconf 84' lang='lat' dir='ltr'><strong>mundanisque</strong></span> <span class='ocrx_word' id='word_1_167' title='bbox 660 3248 877 3323; x_wconf 84' lang='lat' dir='ltr'><strong>vanitatibus</strong></span> <span class='ocrx_word' id='word_1_168' title='bbox 898 3248 1130 3323; x_wconf 88' lang='lat' dir='ltr'><strong>vehementer</strong></span> <span class='ocrx_word' id='word_1_169' title='bbox 1153 3273 1267 3323; x_wconf 88' lang='lat' dir='ltr'><strong>occu-</strong></span> 
     </span>
     <span class='ocr_line' id='line_1_26' title="bbox 194 3362 1268 3466; baseline 0 -29"><span class='ocrx_word' id='word_1_170' title='bbox 194 3381 338 3466; x_wconf 89' lang='lat' dir='ltr'><strong>patum,</strong></span> <span class='ocrx_word' id='word_1_171' title='bbox 352 3378 389 3437; x_wconf 91' lang='lat' dir='ltr'><strong>et</strong></span> <span class='ocrx_word' id='word_1_172' title='bbox 405 3363 441 3434; x_wconf 92' lang='lat' dir='ltr'><strong>in</strong></span> <span class='ocrx_word' id='word_1_173' title='bbox 460 3362 523 3436; x_wconf 89' lang='lat' dir='ltr'><strong>Dei</strong></span> <span class='ocrx_word' id='word_1_174' title='bbox 539 3363 638 3435; x_wconf 88' lang='lat' dir='ltr'><strong>cultu</strong></span> <span class='ocrx_word' id='word_1_175' title='bbox 655 3362 754 3438; x_wconf 87' lang='lat' dir='ltr'><strong>valde</strong></span> <span class='ocrx_word' id='word_1_176' title='bbox 767 3364 913 3464; x_wconf 80' lang='lat' dir='ltr'><strong>pigrum</strong></span> <span class='ocrx_word' id='word_1_177' title='bbox 929 3364 1086 3451; x_wconf 90' lang='lat' dir='ltr'><strong>invenit,</strong></span> <span class='ocrx_word' id='word_1_178' title='bbox 1103 3379 1268 3464; x_wconf 83' lang='lat' dir='ltr'><strong>postmo-</strong></span> 
     </span>
     <span class='ocr_line' id='line_1_27' title="bbox 193 3480 1268 3580; baseline -0.004 -25"><span class='ocrx_word' id='word_1_179' title='bbox 193 3482 280 3555; x_wconf 85' lang='lat' dir='ltr'><strong>dum</strong></span> <span class='ocrx_word' id='word_1_180' title='bbox 301 3480 412 3580; x_wconf 82' lang='lat' dir='ltr'><strong>gratia</strong></span> <span class='ocrx_word' id='word_1_181' title='bbox 430 3480 494 3552; x_wconf 88' lang='lat' dir='ltr'><strong>Dei</strong></span> <span class='ocrx_word' id='word_1_182' title='bbox 509 3483 657 3578; x_wconf 85' lang='lat' dir='ltr'><strong>juvante</strong></span> <span class='ocrx_word' id='word_1_183' title='bbox 668 3535 679 3568; x_wconf 97' lang='lat'><strong>,</strong></span> <span class='ocrx_word' id='word_1_184' title='bbox 699 3481 744 3552; x_wconf 90' lang='lat' dir='ltr'><strong>ad</strong></span> <span class='ocrx_word' id='word_1_185' title='bbox 762 3508 954 3555; x_wconf 89' lang='lat' dir='ltr'><strong>numerum</strong></span> <span class='ocrx_word' id='word_1_186' title='bbox 971 3496 1116 3554; x_wconf 90' lang='lat' dir='ltr'><strong>centum</strong></span> <span class='ocrx_word' id='word_1_187' title='bbox 1137 3505 1268 3553; x_wconf 86' lang='lat' dir='ltr'><strong>mona·</strong></span> 
     </span>
     <span class='ocr_line' id='line_1_28' title="bbox 195 3594 1268 3694; baseline 0 -26"><span class='ocrx_word' id='word_1_188' title='bbox 195 3594 348 3670; x_wconf 91' lang='lat' dir='ltr'><strong>chorum</strong></span> <span class='ocrx_word' id='word_1_189' title='bbox 374 3595 630 3694; x_wconf 77' lang='lat' dir='ltr'><strong>augmentavit.</strong></span> <span class='ocrx_word' id='word_1_190' title='bbox 655 3598 774 3670; x_wconf 86' lang='lat' dir='ltr'><strong>Tanto</strong></span> <span class='ocrx_word' id='word_1_191' title='bbox 803 3596 911 3668; x_wconf 88' lang='lat' dir='ltr'><strong>etiam</strong></span> <span class='ocrx_word' id='word_1_192' title='bbox 943 3594 1121 3666; x_wconf 85' lang='lat' dir='ltr'><strong>bonarum</strong></span> <span class='ocrx_word' id='word_1_193' title='bbox 1144 3594 1268 3668; x_wconf 89' lang='lat' dir='ltr'><strong>studio</strong></span> 
     </span>
     <span class='ocr_line' id='line_1_29' title="bbox 194 3709 1268 3811; baseline 0.004 -30"><span class='ocrx_word' id='word_1_194' title='bbox 194 3714 372 3784; x_wconf 87' lang='lat' dir='ltr'><strong>virtutum</strong></span> <span class='ocrx_word' id='word_1_195' title='bbox 387 3709 593 3783; x_wconf 87' lang='lat' dir='ltr'><strong>nobilitavit</strong></span> <span class='ocrx_word' id='word_1_196' title='bbox 607 3738 685 3801; x_wconf 86' lang='lat' dir='ltr'><strong>eos,</strong></span> <span class='ocrx_word' id='word_1_197' title='bbox 700 3728 744 3783; x_wconf 91' lang='lat' dir='ltr'><strong>ut</strong></span> <span class='ocrx_word' id='word_1_198' title='bbox 758 3740 801 3785; x_wconf 84' lang='lat' dir='ltr'><strong>ex</strong></span> <span class='ocrx_word' id='word_1_199' title='bbox 818 3713 902 3811; x_wconf 86' lang='lat' dir='ltr'><strong>ipsis</strong></span> <span class='ocrx_word' id='word_1_200' title='bbox 918 3710 1038 3810; x_wconf 87' lang='lat' dir='ltr'><strong>plures</strong></span> <span class='ocrx_word' id='word_1_201' title='bbox 1054 3711 1211 3810; x_wconf 87' lang='lat' dir='ltr'><strong>episcopi</strong></span> <span class='ocrx_word' id='word_1_202' title='bbox 1230 3726 1268 3785; x_wconf 88' lang='lat' dir='ltr'><strong>et</strong></span> 
     </span>
    </p>
   </div>
   <div class='ocr_carea' id='block_1_5' title="bbox 201 4024 1269 4284">
    <p class='ocr_par' dir='ltr' id='par_1_5' title="bbox 201 4024 1269 4284">
     <span class='ocr_line' id='line_1_30' title="bbox 231 4024 1269 4100; baseline -0.002 -16"><span class='ocrx_word' id='word_1_203' title='bbox 231 4033 270 4100; x_wconf 80' lang='lat' dir='ltr'><strong>(v)</strong></span> <span class='ocrx_word' id='word_1_204' title='bbox 282 4029 383 4084; x_wconf 86' lang='lat' dir='ltr'><strong>C&#39;e&#39;tait</strong></span> <span class='ocrx_word' id='word_1_205' title='bbox 396 4027 421 4082; x_wconf 87' lang='lat' dir='ltr'><strong>la</strong></span> <span class='ocrx_word' id='word_1_206' title='bbox 433 4025 580 4080; x_wconf 71' lang='lat' dir='ltr'><strong>deuxieme</strong></span> <span class='ocrx_word' id='word_1_207' title='bbox 591 4024 692 4081; x_wconf 88' lang='lat' dir='ltr'><strong>lemme</strong></span> <span class='ocrx_word' id='word_1_208' title='bbox 709 4027 744 4083; x_wconf 87' lang='lat' dir='ltr'><strong>de</strong></span> <span class='ocrx_word' id='word_1_209' title='bbox 765 4025 909 4081; x_wconf 74' lang='lat' dir='ltr'><strong>Tancrbde</strong></span> <span class='ocrx_word' id='word_1_210' title='bbox 922 4024 957 4080; x_wconf 90' lang='lat' dir='ltr'><strong>de</strong></span> <span class='ocrx_word' id='word_1_211' title='bbox 971 4025 1134 4082; x_wconf 88' lang='lat' dir='ltr'><strong>Hauteville.</strong></span> <span class='ocrx_word' id='word_1_212' title='bbox 1152 4027 1190 4080; x_wconf 84' lang='lat' dir='ltr'><strong>La</strong></span> <span class='ocrx_word' id='word_1_213' title='bbox 1203 4045 1269 4100; x_wconf 78' lang='lat' dir='ltr'><strong>pre·</strong></span> 
     </span>
     <span class='ocr_line' id='line_1_31' title="bbox 201 4115 591 4192; baseline -0.023 -15"><span class='ocrx_word' id='word_1_214' title='bbox 201 4122 288 4179; x_wconf 68' lang='lat' dir='ltr'><strong>iniere</strong></span> <span class='ocrx_word' id='word_1_215' title='bbox 299 4117 442 4192; x_wconf 86' lang='lat' dir='ltr'><strong>s’appclait</strong></span> <span class='ocrx_word' id='word_1_216' title='bbox 455 4115 591 4170; x_wconf 81' lang='lat' dir='ltr'><strong>ltloriclle.</strong></span> 
     </span>
     <span class='ocr_line' id='line_1_32' title="bbox 220 4201 892 4284; baseline -0.007 -18"><span class='ocrx_word' id='word_1_217' title='bbox 220 4212 259 4284; x_wconf 86' lang='lat' dir='ltr'><strong>(a)</strong></span> <span class='ocrx_word' id='word_1_218' title='bbox 274 4212 397 4277; x_wconf 75' lang='lat' dir='ltr'><strong>Veneta,</strong></span> <span class='ocrx_word' id='word_1_219' title='bbox 412 4215 476 4270; x_wconf 72' lang='lat' dir='ltr'><strong>ville</strong></span> <span class='ocrx_word' id='word_1_220' title='bbox 494 4201 650 4278; x_wconf 68' lang='lat' dir='ltr'><strong>episcopale</strong></span> <span class='ocrx_word' id='word_1_221' title='bbox 660 4205 892 4263; x_wconf 79' lang='lat' dir='ltr'><strong>delabaailicate.</strong></span> 
     </span>
    </p>
   </div>
   <div class='ocr_carea' id='block_1_6' title="bbox 0 0 1465 4980">
    <p class='ocr_par' dir='ltr' id='par_1_6' title="bbox 0 0 1465 4980">
     <span class='ocr_line' id='line_1_33' title="bbox 0 0 1465 4980; baseline 0 0"><span class='ocrx_word' id='word_1_222' title='bbox 0 0 1465 4980; x_wconf 95' lang='lat' dir='ltr'><strong> </strong></span> 
     </span>
    </p>
   </div>
  </div>
 </body>
</html>
