2926 4980
237 478 278 536 70
513 459 695 538 msroms
717 448 1017 563 nccffltrsmcs.
1096 483 1302 564 [sossium]

235 609 354 667 torum
383 592 587 695 indaginem
612 620 735 670 rerum
763 570 952 697 insigniter
979 599 1111 698 attigit.
1141 599 1231 674 Nam
1259 603 1298 676 in

233 699 460 813 grnmmstica
479 727 515 787 et
536 706 740 811 dialectico,
764 715 802 787 in
825 716 1043 789 astrnnomia
1065 741 1211 818 quoque
1234 746 1299 793 no·

234 824 357 902 biliter
370 827 532 902 eruditus
547 847 620 922 est,
633 845 670 904 et
684 830 830 904 musica.
845 830 1006 932 Physicoe
1019 857 1167 933 quoque
1176 836 1298 908 scien-

233 943 322 1016 tinm
338 959 412 1017 tam
427 936 573 1044 copiosi
589 934 732 1035 babuit,
748 946 841 1019 utin
855 944 945 1020 urbe
957 946 1212 1038 Psnlernitnna,
1231 948 1295 1023 ubi

233 1059 398 1132 maximus
419 1056 641 1135 medicorum
658 1059 795 1135 scholae
816 1058 1030 1163 abantiquo
1051 1077 1214 1162 tempore
1230 1063 1296 1138 lni-

231 1171 379 1266 huntur,
392 1176 576 1252 'neminem
590 1179 627 1251 in
641 1177 946 1266 medicinalium,
962 1179 1294 1280 pnoeterqmmdnm

230 1284 718 1388 sepientemm'stronnmuibi
730 1315 853 1388 parem
867 1289 1058 1363 inveniret.
1071 1290 1294 1391 Atqusmvis

94 1494 96 1498 v
231 1408 329 1480 urile
345 1406 548 1481 linet-'nrum
560 1406 690 1506 peritia
705 1407 878 1506 polleret,
897 1431 973 1480 non
991 1421 1111 1481 tanen
1126 1407 1217 1503 otio,
1232 1409 1294 1484 sod

230 1520 371 1604 militis
385 1521 499 1598 labori
514 1521 578 1596 diu
592 1525 813 1625 mancipatus
827 1540 898 1613 est,
916 1537 953 1597 et
972 1537 1043 1598 tam
1060 1550 1170 1598 manu
1184 1552 1295 1626 quam

206 1638 384 1716 ,cointio
408 1641 447 1715 in
469 1638 601 1715 bellico
627 1640 834 1716 discrimine
857 1641 1051 1742 praeclarus
1074 1642 1171 1717 int'er
1194 1669 1295 1718 coes·

230 1773 347 1832 sentes
360 1784 444 1834 suos
459 1759 643 1834 multoties
659 1757 832 1858 probatus
849 1773 913 1832 est.
934 1758 1046 1832 Multa
1061 1757 1196 1848 adbuc,
1210 1785 1293 1860 quse

228 1871 336 1950 uobis
352 1874 442 1956 miro
457 1875 640 1965 videntur,
663 1877 938 1952 Mosterolenses
953 1876 1133 1963 referunt,
1151 1903 1234 1976 quae
1247 1874 1292 1951 de

227 1956 420 2064 subtilibus
436 1990 688 2092 experimentis
710 1995 784 2092 ejus
810 2008 935 2066 contra
960 1990 1108 2064 morbos
1124 1990 1180 2064 vel
1202 1989 1291 2064 alios

227 2102 425 2206 inspernlbs
439 2123 600 2182 'eventus
623 2107 678 2183 vel
704 2107 770 2208 ipsi
797 2106 987 2199 viderunt,
1005 2108 1061 2181 vel
1084 2134 1104 2179 a
1126 2105 1290 2207 putribus

225 2212 451 2324 suisssquilufis
461 2223 536 2324 ipse
549 2223 656 2325 longa
666 2223 836 2297 comitate
850 2223 1055 2296 notissimus
1068 2220 1153 2313 fuit,
1165 2221 1290 2295 nudie-

224 2355 325 2414 runt.
346 2336 586 2441 lps‘e‘tsi‘ndem
600 2337 790 2411 titubantis
808 2338 933 2411 mundi
951 2338 1094 2410 ruinam
1109 2352 1287 2424 metuens,

223 2450 440 2555 etpr‘ndenti
452 2453 743 2554 tergiversatione
755 2476 972 2550 precavens,
987 2452 1107 2527 saeculi
1119 2453 1207 2527 luxu
1218 2450 1288 2524 ml·

222 2585 321 2660 cato,
341 2572 455 2672 Msjus
479 2570 741 2646 Monasterium
759 2570 871 2643 sancti
893 2570 1044 2643 Martini
1063 2569 1287 2644 Turonensis

222 2688 397 2787 expetiit,
415 2703 452 2762 et
469 2686 537 2761 sub
554 2684 917 2762 Albsrto'venerabili
935 2686 1062 2762 abbate
1080 2689 1135 2788 (ι)
1157 2714 1287 2765 mona-

221 2801 307 2879 chili
325 2804 459 2905 regule
475 2820 611 2903 septem
627 2804 730 2879 cunis
747 2804 928 2877 militavit.
948 2804 1019 2898 Qui
1040 2821 1229 2906 postquam
1245 2806 1284 2878 in

220 2916 348 3005 outline
367 2919 600 2994 confirmatus
618 2920 707 3009 fuit,
728 2918 855 2995 abbate
871 2947 937 2995 suo
953 2922 1187 3020 permittente
1202 2920 1286 2995 Uti-

221 3060 304 3111 cum
319 3037 439 3127 venit,
459 3037 781 3138 nepotemsscilicet
797 3036 953 3112 solatiari
970 3062 1094 3122 suum,
1114 3037 1197 3136 quia
1210 3039 1285 3136 jam

219 3153 373 3230 novellae
386 3156 544 3256 regimen
559 3152 716 3229 ecclesiae
730 3155 896 3253 suscepit.
912 3153 963 3226 Et
972 3155 1056 3254 quia
1070 3152 1165 3226 idem
1178 3153 1285 3229 beros

220 3297 289 3373 pro
307 3270 432 3344 multis
453 3269 617 3372 flagitiis,
635 3268 765 3371 quibus
788 3295 826 3343 se
844 3269 1001 3370 graviter
1015 3274 1187 3342 onustum
1203 3296 1286 3343 sen-

219 3372 350 3480 tiebat,
369 3414 388 3461 a
402 3388 565 3464 Domino
581 3385 752 3462 morbum
766 3387 875 3485 lepre
895 3387 1017 3462 multis
1032 3386 1199 3486 precibus
1214 3384 1283 3461 sibi

219 3504 447 3595 obtinuerat>
465 3503 657 3606 quamdam
678 3505 714 3577 in
742 3503 882 3579 honore
898 3502 1010 3578 sancti
1029 3502 1172 3577 Ebrulfi
1190 3529 1284 3578 uon-

218 3640 392 3697 structam
415 3604 585 3724 capellam
608 3623 666 3723 (2)
690 3649 708 3693 a
733 3637 865 3722 nepote
888 3645 954 3695 suo
978 3621 1135 3719 recepit,
1162 3618 1284 3722 ibique

219 3741 451 3817 Goscelinum
467 3737 684 3815 monachum
704 3739 748 3812 ad
770 3741 834 3813 Dei
850 3738 1036 3812 servitium
1050 3737 1175 3839 suique
1191 3736 1285 3812 sola-

251 4067 291 4138 (1)
300 4065 394 4138 Voyeu
406 4062 542 4118 cidessus
555 4080 624 4136 page
638 4078 680 4135 29.

225 4154 290 4244 ,(α)
312 4155 349 4210 Lu
370 4150 493 4226 chapelle
512 4136 718 4208 saint-Errant
739 4159 818 4207 entre
839 4147 962 4222 l‘abbaye
984 4147 1019 4204 de
1032 4134 1239 4205 saint-Enoch
1253 4158 1281 4203 et

216 4240 384 4300 Ecbculour.
601 4261 605 4275 ›
