2910 4980
558 421 673 480 riusa
694 414 876 495 Quiurus.
1187 422 1244 484 ιιι

182 565 289 619 ‚ceres
317 565 399 611 suos
426 554 460 608 ιο
488 539 556 611 kal.
585 539 707 612 martii
734 539 822 612 feria
845 551 896 612 v1²
919 540 1142 613 convocavit.
1167 537 1249 612 Ma-

192 656 356 730 nifestata
383 681 469 729 vero
492 682 593 730 causa
615 673 658 730 et
671 656 715 729 ab
736 656 905 729 omuibus
927 656 1144 747 collaudata,
1168 684 1250 730 cum

184 773 242 852 ¹eis
271 770 315 843 ad
341 772 522 845 ecclesiam
548 773 590 844 B.
623 772 717 844 Petri
748 773 900 871 apostoli
929 771 1039 862 abiit,
1070 771 1193 872 ibique
1217 800 1253 846 se

192 885 372 961 abhatiam
390 905 683 962 constructurum
700 889 816 988 palam
840 889 986 962 testibus
1005 890 1128 963 multis
1148 888 1253 964 devo-

187 1005 268 1096 rit,
283 1020 473 1105 totumque
489 1004 722 1096 suburbium,
741 1004 839 1105 quod
856 1023 955 1079 extra
972 1022 1115 1106 portam
1130 1007 1254 1080 orien-

196 1120 303 1193 talem
319 1121 429 1193 situm
445 1136 516 1210 est,
535 1139 660 1197 sancto
676 1122 784 1196 Petro
799 1122 967 1212 donavit,
982 1139 1020 1196 et
1036 1149 1143 1222 super
1157 1149 1255 1195 aram

194 1261 260 1333 per
284 1235 506 1310 chirothecas
528 1265 605 1312 suas
626 1238 859 1312 donatiouem
883 1240 1003 1338 posuit
1019 1240 1091 1338 (1).
1119 1237 1257 1312 Eodem

193 1379 293 1427 anno
310 1354 490 1453 sagienses
507 1355 673 1429 monachi
691 1356 881 1429 Raiualdus
898 1372 934 1428 et
951 1357 1071 1428 Frodo
1087 1356 1256 1455 primitus

189 1469 280 1561 illuc
299 1489 499 1563 venerunt,
524 1490 560 1545 et
584 1473 803 1547 monachiles
826 1475 1003 1562 officinas,
1030 1473 1195 1547 Odelerio
1221 1489 1258 1545 et

195 1583 536 1687 Guariuo„aliisque
547 1589 670 1661 multis
681 1588 931 1688 adjuvantibus
937 1606 954 1678 ,'
967 1590 1121 1663 condere
1138 1615 1257 1688 coepe-

194 1720 296 1774 runt.
315 1706 456 1776 Primus
471 1703 578 1776 abbas
604 1705 922 1786 illiusmonasterii
946 1704 1143 1779 Guillelmo
1160 1705 1257 1779 Rufo

191 1835 368 1919 ¹regnante
381 1822 551 1921 eloquens
567 1822 807 1896 Fulcheredus
820 1823 905 1910 fuit,
920 1825 1024 1922 eique
1038 1822 1259 1897 Godesredus

196 1936 353 2009 Henrico
367 1954 539 2036 regnante
556 1940 734 2012 successit.
751 1938 870 2012 Ambo
887 1938 1034 2012 litterati
1049 1955 1085 2012 et
1103 1938 1259 2038 religiosi

198 2069 356 2151 pastores
372 2054 541 2147 fuerunt,
556 2072 593 2129 et
607 2056 684 2130 fere
697 2082 744 2128 xc
758 2057 862 2128 annis
875 2056 1106 2128 Dominicum
1116 2081 1261 2155 gregem

197 2168 389 2268 diligenter
405 2170 554 2244 educare
576 2172 804 2244 studuerunt.
829 2172 969 2270 lugenti
991 2199 1073 2244 cura
1095 2197 1152 2245 res
1174 2174 1259 2245 novi

199 2288 406 2359 monasterii
423 2289 579 2360 exterius
596 2302 793 2374 auxerunt,
813 2301 848 2360 et
872 2288 1036 2360 instituta
1057 2313 1202 2360 morum
1217 2287 1260 2359 ad

199 2403 347 2476 salutem
389 2405 591 2476 animarum
633 2405 783 2478 interius
819 2402 1001 2501 discipulis
1037 2402 1263 2476 laudabiliter

200 2536 409 2592 sanxerunt.
434 2522 537 2620 Saepe
553 2520 670 2593 dictus
693 2546 837 2621 quoque
858 2520 1043 2594 Odelerius
1064 2523 1187 2618 (pater
1200 2520 1262 2594 vi-

195 2634 296 2732 talis)
316 2637 373 2734 (a)
396 2636 494 2736 quod
512 2638 728 2736 promiserat
744 2665 786 2711 ex
806 2638 948 2734 integro
964 2637 1179 2736 complevit,
1197 2637 1263 2710 tla-

201 2753 318 2851 tisque
331 2753 493 2825 ducentis
505 2753 608 2826 libris
619 2755 776 2853 argenti,
793 2754 869 2826 Deo
880 2752 1132 2840 Benedictum,
1148 2753 1264 2826 filium

202 3008 312 3063 Bohun.
328 3008 371 3062 En
384 3009 568 3077 Narmaudie,
578 3008 714 3064 Jouulain
726 3009 761 3064 de
773 3010 818 3065 sai
831 3008 915 3064 londa
930 3008 1052 3082 l’abhayc
1065 3009 1195 3066 d‘Aulnai
1205 3028 1265 3065 vers

207 3095 282 3163 1131,
297 3108 325 3152 ct
337 3115 365 3151 sa
378 3097 433 3152 sillc
443 3099 536 3170 Agnes
550 3109 630 3170 porta
643 3116 685 3153 ses
696 3098 775 3152 biens
784 3097 853 3153 dans
863 3097 890 3152 la
901 3099 1006 3153 maison
1019 3098 1058 3152 du
1071 3099 1204 3154 Hommet
1216 3119 1266 3171 par

200 3204 252 3242 son
261 3189 382 3260 mariage
393 3205 457 3241 avec
469 3186 495 3242 le
508 3187 671 3243 conuetable
681 3186 806 3242 Richard
818 3187 856 3241 du
870 3189 1010 3242 Hoinmet.
1025 3188 1101 3242 Nous
1111 3205 1194 3243 avons
1202 3187 1265 3260 deja

199 3295 235 3330 ru
248 3277 398 3344 ci-dessus,
414 3277 434 3331 l.
450 3296 487 3345 iv,
501 3296 528 3349 p.
543 3294 608 3344 aaa,
623 3295 679 3351 que
690 3278 770 3332 Pioot
785 3277 820 3332 de
834 3278 879 3332 Sai
895 3276 939 3331 sut
951 3276 1009 3331 l’un
1023 3276 1072 3331 des
1089 3277 1217 3332 hommes
1227 3278 1262 3333 de

199 3367 339 3429 ,constance
351 3368 386 3424 de
399 3368 493 3441 Roget
507 3367 542 3422 de
555 3369 771 3441 Moutgommcri
784 3366 851 3421 dans
863 3367 889 3422 lc
901 3366 1079 3440 Shropshire.

233 3468 273 3540 (ι)
290 3467 390 3524 C'etait
408 3487 447 3523 un
461 3484 545 3540 usage
558 3478 686 3523 consuat
701 3485 735 3522 cn
750 3465 949 3522 Normandich
965 3475 1038 3521 cette
1051 3467 1175 3540 epoque,
1190 3465 1263 3521 d'ac-

200 3572 368 3629 compagner
379 3574 434 3611 une
447 3554 585 3611 donatiou
595 3556 630 3610 dc
643 3555 670 3610 la
682 3555 783 3611 remise
798 3554 865 3609 d'un
878 3554 954 3626 objct
965 3553 1140 3628 quelconquc
1152 3554 1201 3628 qui
1214 3553 1264 3610 de·

202 3646 293 3702 vcuut
309 3646 334 3701 le
355 3664 425 3720 gage
443 3657 472 3701 et
489 3645 643 3702 l'emhleme
663 3645 698 3701 de
717 3645 744 3700 la
763 3646 905 3719 propriete
919 3644 989 3700 ainsi
1009 3642 1101 3700 cedee.
1117 3643 1165 3702 Ou
1185 3643 1267 3700 diuis

202 3736 274 3791 alors
285 3754 342 3809 que
352 3735 379 3791 la
391 3735 523 3791 donatiuo
534 3736 602 3792 etait
612 3736 678 3792 faite
689 3753 740 3809 par
752 3753 807 3790 unc
820 3736 898 3807 pairc
914 3734 1055 3808 (legante,
1071 3752 1121 3807 par
1131 3753 1171 3788 un
1181 3733 1264 3802 livre,

203 3844 253 3899 par
269 3845 307 3880 un
321 3826 490 3896 chandelier,
506 3838 620 3882 souvent
632 3845 682 3899 par
698 3844 752 3881 une
769 3825 891 3881 branche
908 3824 1029 3893 d'arhre,
1049 3834 1103 3880 etc.
1123 3824 1160 3879 Le
1173 3835 1265 3880 cartu-

202 3918 270 3972 laire
287 3917 322 3972 de
334 3919 440 3973 Preaux
457 3937 493 3972 en
507 3917 666 3990 particulier
684 3928 725 3972 est
744 3916 843 3989 rempli
856 3914 1022 3988 ‹l’exemples
1035 3915 1070 3970 dc
1086 3924 1158 3970 cette
1177 3915 1266 3972 forme

203 4007 238 4062 dc
252 4007 394 4062 tradition.

238 4113 277 4180 (a)
295 4110 347 4165 Ces
356 4110 427 4198 rieux
441 4123 511 4167 mois
521 4122 570 4166 ont
580 4114 622 4167 etc'
631 4111 735 4181 ajoutes
744 4111 992 4183 posterieurcmeut
1002 4108 1104 4164 dauslc
1115 4110 1267 4164 manuscrit

203 4200 238 4255 dc
253 4200 468 4257 Saiut·Evroult.
