2910 4980
199 402 258 461 116
418 396 605 458 HISTORIA
624 394 928 459 ecctsssusrlcs.
1147 400 1257 483 [loeo]

196 518 301 593 obiit.
325 519 367 591 ln
392 518 588 589 crastinum
614 541 700 591 vero
727 515 853 590 Vitalis
878 517 1168 593 Bernaioensiuin
1195 518 1255 619 (ι)

195 632 303 707 abbas
328 631 371 704 ad
393 629 642 704 tumulandum
666 632 822 704 amioum
842 658 948 705 suum
970 633 1141 725 accessit,
1156 650 1193 709 et
1215 636 1257 709 in

195 753 351 825 claustro
372 746 565 823 coenobiali
579 751 681 847 juxta
699 749 881 823 ecclesiam
901 751 939 822 S.
958 751 1056 824 Petri
1073 750 1256 851 apostolo-

194 893 277 938 rum
306 864 489 963 principis<
505 864 688 963 sepelivit;
726 863 823 938 unde
851 864 1045 938 Mainerius
1073 890 1257 943 successor

194 987 267 1083 ejus
286 984 403 1080 ipsum
415 994 499 1080 post
512 1006 625 1054 annos
638 1006 662 1052 x
674 995 711 1054 et
723 1006 776 1053 vn
795 1007 878 1081 cum
893 980 1032 1054 ossibus
1043 979 1254 1057 Witmuudi

194 1101 280 1175 socii
305 1101 358 1172 sui
381 1099 419 1171 in
440 1097 636 1196 capitulum
657 1123 792 1171 novum
813 1096 1009 1171 transtulit.

241 1217 310 1290 Xl.
336 1217 448 1289 Anno
471 1212 516 1286 ab
536 1214 783 1287 incarnatione
802 1214 947 1288 Domini
969 1229 1110 1304 unxv10,
1135 1214 1256 1289 indic·

192 1337 293 1408 tione
303 1344 354 1406 ιν·
367 1358 489 1406 mense
498 1331 602 1430 aprili
615 1331 691 1405 fere
702 1356 750 1403 xv
759 1329 1024 1430 diebusaparte
1034 1331 1144 1402 Circii
1152 1356 1259 1431 appa-

192 1453 268 1524 ruit
279 1449 378 1525 stella
391 1475 474 1551 quae
488 1463 642 1523 cometes
656 1447 791 1520 dicitur
803 1448 871 1547 (a),
885 1474 971 1547 qua,
988 1463 1029 1520 ut
1040 1446 1259 1548 perspicaces

191 1566 381 1665 astrologi,
400 1564 462 1665 qui
483 1579 616 1637 secreta
635 1563 792 1664 physicae
813 1562 995 1638 subtiliter
1014 1565 1133 1638 rimati
1150 1582 1255 1654 suut,

192 1698 404 1769 asseverant,
421 1680 573 1755 mutatio
587 1681 689 1780 regni
704 1678 921 1779 designatur.
938 1679 1123 1753 Elaanlus
1134 1681 1254 1769 enim,

191 1826 255 1872 rex
267 1797 485 1896 Anglorum,
500 1793 666 1871 Edelredi
683 1795 775 1894 regis
788 1821 831 1868 ex
844 1796 971 1868 Emma
985 1795 1126 1868 Ricanli
1141 1795 1257 1870 senio·

192 1917 242 1988 ris
263 1915 560 1988 Nor-mannorum
576 1910 675 1984 ducis
695 1910 768 1985 filia
791 1909 907 2005 filius,
923 1911 1030 2012 paulo
1045 1926 1129 1986 ante
1147 1910 1255 1987 obie-

191 2049 249 2104 rat
262 2032 361 2129 (3)et
374 2026 545 2102 Heraldus
558 2025 716 2101 Goduini
734 2027 875 2101 comitis
891 2026 985 2100 filius
1004 2054 1159 2127 regnum
1176 2027 1257 2103 An·

191 2149 336 2247 glorum
352 2161 582 2244 usurpaverat
602 2145 658 2242 (4)
669 2199 682 2235 ,
698 2148 843 2244 jamque
867 2142 983 2217 tribus
1005 2144 1189 2219 mensibus
1211 2142 1257 2220 ad

191 2264 391 2339 multorum
408 2261 667 2335 detrimentum
679 2263 839 2360 perjurio
860 2277 896 2334 et
913 2260 1139 2350 crudelitate,
1155 2261 1257 2335 aliis·

192 2406 264 2481 que
276 2377 447 2476 nequitiis
463 2375 622 2475 pollutus
638 2392 814 2449 tenuerat.
831 2379 964 2474 lnjusta
980 2403 1107 2476 nempe
1120 2378 1259 2455 invasio

193 2496 341 2568 nimiam
355 2494 449 2564 inter
462 2489 631 2592 quasdam
640 2507 764 2590 gentes
774 2489 1030 2566 dissentionem
1044 2494 1257 2585 commovit,

192 2609 391 2708 multisque
403 2606 577 2679 matribus
594 2606 754 2683 liliorum
767 2622 803 2681 et
819 2606 1031 2706 conjugibus
1042 2610 1260 2684 maritorum

192 2753 319 2801 necem
332 2738 369 2798 et
385 2724 524 2795 luctum
539 2725 691 2822 peperit.
707 2723 895 2797 Eduanlus
914 2725 1088 2797 nimirum
1104 2727 1258 2825 propin·

193 2868 270 2942 quo
281 2865 348 2913 suo
359 2838 554 2913 Willermo
563 2838 645 2911 duci
656 2840 951 2914 Normannorum
962 2842 1081 2940 primo
1090 2869 1156 2940 per
1163 2842 1258 2919 laod-

193 2954 341 3030 bertum
351 2953 628 3026 cantuariorum
638 2980 818 3027 summum
831 2955 1041 3053 pontificem
1050 2956 1119 3055 (5),
1131 2974 1257 3058 postea

227 3264 267 3336 (ι)
285 3261 403 3329 Vitalis,
418 3261 539 3333 premier
552 3259 621 3314 abbe
634 3260 668 3314 de
683 3262 789 3316 Bernai.

229 3353 267 3426 (a)
286 3351 368 3407 Getta
381 3349 488 3405 celebre
506 3351 612 3404 comete
632 3349 675 3403 sut
694 3349 822 3404 observes
841 3368 898 3404 non
917 3351 1068 3406 seulement
1087 3349 1155 3404 dans
1175 3360 1257 3407 toute

193 3443 338 3514 l’Eorope,
361 3440 431 3494 mais
452 3456 551 3493 encore
574 3441 590 3492 t
609 3437 636 3492 la
658 3438 765 3505 Chiae,
788 3440 827 3493 οὺ
848 3437 900 3493 elle
921 3451 993 3495 resta
1015 3438 1111 3494 visible
1130 3437 1258 3511 pendmt

194 3533 392 3603 soixante-sept
401 3529 489 3602 jours.
503 3527 526 3582 ll
538 3527 627 3601 parait
638 3545 692 3601 que
705 3545 736 3581 oe
747 3527 791 3582 fut
803 3525 829 3582 le
842 3531 877 3593 at
888 3527 956 3582 avril
965 3546 1000 3581 au
1013 3528 1068 3581 soir
1080 3527 1166 3600 qu’on
1177 3524 1205 3582 la
1216 3528 1256 3582 vit

194 3639 267 3692 pour
276 3619 301 3673 la
311 3619 447 3692 premiere
460 3618 511 3672 sois
524 3616 550 3670 le
564 3616 620 3670 soir
633 3614 700 3670 dans
712 3614 842 3689 l’Enrope
855 3613 1032 3671 occidentale.
1049 3614 1097 3671 On
1108 3633 1144 3669 en
1156 3626 1256 3671 trouve

195 3725 250 3761 unc
263 3707 351 3777 figure
365 3706 497 3776 grossiere
509 3723 558 3759 sur
569 3705 594 3758 la
605 3703 747 3777 tapisscrie
761 3703 796 3758 de
808 3704 925 3776 Bayeux.

231 3792 269 3866 (3)
289 3794 326 3847 Le
336 3790 353 3846 5
363 3792 468 3862 janvier
483 3791 558 3846 1066.

232 3885 270 3954 (4)
290 3884 326 3935 Le
340 3880 495 3935 lendemaiu
510 3880 653 3951 6janvicr.

231 3970 269 4043 (5)
289 3971 394 4025 Robcrt
407 3970 567 4042 Champart,
582 3968 696 4025 d'abord
710 3969 780 4023 abbe
792 3967 827 4021 de
838 3968 978 4040 Jumieges
987 3984 1022 4021 en
1035 3964 1111 4041 1037,
1122 3967 1187 4040 puis
1195 3984 1258 4023 sue-

196 4060 373 4112 cessivemcnt
386 4059 488 4132 evaeque
499 4056 535 4112 de
548 4058 670 4113 Londres
682 4077 718 4112 en
732 4059 813 4124 volt,
825 4065 855 4110 et
865 4055 1036 4129 archereque
1045 4053 1081 4109 de
1089 4055 1258 4111 Cantor-beri

197 4168 231 4201 cn
249 4145 328 4209 1050;
343 4147 436 4200 chasse
448 4147 482 4200 de
495 4165 545 4200 son
564 4149 637 4219 siege
649 4166 684 4202 en
701 4143 766 4201 acta
783 4163 833 4218 par
850 4144 876 4200 le
888 4156 978 4201 comte
996 4141 1137 4216 Godwin,
1150 4143 1171 4200 il
1188 4143 1219 4200 lit
1231 4142 1258 4199 lc
