2910 4980
559 426 676 488 smus
697 425 889 502 orsurus.
1204 433 1264 495 ecs

193 547 363 648 praefatos
386 546 563 621 antistites
580 547 818 636 illuminavit,
838 564 874 621 et
891 547 1119 648 dogmatibus
1135 576 1262 624 eorum

191 692 233 738 ac
260 664 444 737 miraculis
470 690 536 763 per
560 690 621 738 eos
647 663 816 738 exhibitis
842 666 1031 739 commode
1058 667 1262 760 irradiavit,

192 781 389 880 multisque
405 778 611 880 vulgaribus
628 796 665 853 et
682 780 848 855 litteratis
865 781 1017 880 profuit.

242 897 459 997 [970-972.]
476 899 582 969 Tunc
598 896 811 970 coenobium
828 896 1148 985 Medeshamstede,
1163 899 1262 1000 quod

191 1014 332 1115 pridem
355 1030 518 1114 tempore
540 1013 679 1087 Vulferi
710 1015 800 1111 regis
827 1016 1047 1088 Merciornm
1071 1016 1262 1090 Sexvulfus

190 1129 356 1229 pontifex
381 1130 605 1215 construxit,
625 1128 842 1203 Adelvoldus
868 1131 999 1230 praesul
1026 1130 1094 1202 sub
1118 1132 1262 1232 Edgaro

190 1272 274 1345 rege
292 1247 330 1318 in
347 1249 448 1331 vico,
469 1246 531 1346 qui
555 1247 665 1319 modo
685 1247 782 1345 Bnrg
804 1246 950 1333 dicitur,
970 1249 1203 1335 restauravit,
1225 1264 1262 1320 et

189 1360 372 1435 basilicam
387 1363 425 1433 in
437 1363 578 1434 honore
589 1363 701 1434 sancti
715 1362 812 1436 Petri
824 1362 1072 1461 apostolorum
1085 1364 1262 1463 principis

190 1479 321 1553 editam
334 1481 474 1580 magnis
485 1476 615 1577 opibus
625 1478 765 1551 ditavit.
781 1479 917 1553 Deinde
932 1479 1169 1567 Torrieiensc,
1185 1481 1260 1553 Eli·

190 1621 310 1695 gense,
332 1611 370 1669 et
380 1595 446 1667 alia
458 1596 572 1667 multa
586 1596 801 1668 monasteria
815 1594 981 1696 pluribus
998 1596 1034 1667 in
1049 1595 1138 1670 locis
1151 1595 1262 1668 sabri-

191 1725 264 1784 oata
284 1728 371 1785 sunt
395 1713 472 1811 (r),
496 1728 534 1785 et
555 1729 755 1785 conventus
773 1714 811 1784 in
831 1712 901 1784 illis
916 1715 1180 1787 monachorum
1199 1733 1262 1786 aut

191 1829 406 1931 clericorum
426 1844 489 1900 aut
509 1828 839 1902 sanctimonialium
862 1829 1014 1902 solerter
1035 1829 1139 1901 locati
1160 1847 1258 1903 sunt.

192 1944 302 2045 Copia
311 1945 520 2018 reddituum
529 1945 678 2044 singulis
688 1947 915 2019 monasteriis
923 1946 1069 2045 largiter
1080 1949 1263 2047 impartir-

191 2058 316 2148 hatum
333 2060 429 2135 unde
440 2062 615 2134 sufficiens
627 2062 743 2132 victus
755 2078 791 2133 et
801 2062 950 2134 vestitus
965 2059 1135 2135 theoricis
1146 2062 1262 2135 admi-

192 2177 424 2265 nistraretur3
452 2204 497 2250 ne
519 2203 587 2279 pro
609 2178 760 2279 penuria
783 2203 908 2249 rerum
924 2179 1202 2251 necessariarum
1224 2181 1261 2252 in

191 2293 317 2367 divino
334 2294 436 2366 cultu
452 2295 676 2395 aliquatenus
694 2293 901 2367 vacillantes
921 2292 1191 2394 frangerentur.

210 2460 215 2469 -
240 2411 299 2484 Sic
314 2414 351 2485 in
367 2411 497 2511 Anglia
518 2414 736 2487 monasticus
754 2411 846 2487 ordo
865 2430 1058 2488 renovatus
1075 2430 1152 2504 est,
1173 2432 1209 2489 et
1224 2418 1259 2487 in
1373 2447 1376 2454 ·

191 2529 315 2602 multis
327 2529 502 2604 coenobiis
513 2530 710 2631 gloriosum
721 2558 847 2631 agmen
860 2536 1124 2606 monachorum
1133 2549 1260 2608 contra

190 2646 358 2720 Satanam
373 2650 550 2721 virtutum
567 2650 676 2722 armis
691 2648 875 2722 munitum
891 2666 963 2738 est,
981 2665 1018 2723 et
1036 2677 1263 2750 perseveran-

191 2778 247 2836 ter
258 2765 429 2838 dimicare
442 2767 478 2838 in
492 2766 622 2864 praelio
633 2767 780 2840 Domini
793 2764 910 2840 donec
921 2768 1074 2840 victoria
1083 2771 1258 2869 potiatur,

191 2880 366 2956 nobiliter
377 2881 545 2958 edoctum
558 2899 624 2956 est.
639 2885 774 2959 Verum
788 2902 872 2985 post
889 2886 1028 2987 aliquot
1041 2901 1196 2985 tempus,
1216 2887 1260 2960 ad

191 2999 462 3097 expurgandum
487 2999 670 3087 triticum,
698 2997 760 3071 ubi
784 2998 1017 3074 exuberantia
1040 3003 1261 3078 zizaniorum

192 3113 300 3185 nimis
312 3114 547 3212 multiplicata
565 3131 617 3188 cst
626 3169 638 3203 ,
658 3117 791 3189 iterum
807 3117 875 3191 sub
890 3118 1067 3218 Egelredo
1083 3146 1167 3220 rege
1183 3119 1261 3192 filio

191 3228 319 3329 Edgari
332 3231 534 3328 gravissima
548 3247 737 3332 tempestas
749 3232 795 3304 ab
806 3234 976 3334 aquilone
992 3233 1117 3334 Anglis
1129 3233 1259 3309 oborta

193 3475 345 3549 gls'canum,
362 3493 385 3541 ι,
406 3495 433 3548 p.
456 3496 466 3530 1
482 3485 511 3530 et
522 3493 567 3549 97.
583 3478 620 3531 Le
639 3477 794 3531 monestere
807 3476 842 3531 de
854 3476 982 3548 Ramsey,
998 3476 1066 3531 dans
1077 3475 1104 3530 le
1121 3481 1213 3532 comte
1225 3479 1263 3533 dc

192 3562 393 3636 llunu'ngdon,
407 3563 451 3617 fut
459 3564 544 3618 fonde
557 3583 607 3636 par
620 3566 692 3618 saint
707 3563 821 3620 Oswald
834 3582 869 3618 en
883 3582 946 3637 97¹·
959 3565 996 3618 Le
1012 3583 1114 3637 voyage
1131 3565 1261 3622 d’ltbbon

192 3673 225 3709 ea
242 3655 423 3726 Angleterre‚
438 3656 487 3729 qui
505 3655 575 3709 dura
592 3656 657 3727 pres
675 3654 710 3710 de
724 3654 797 3709 deux
815 3671 880 3723 ens,
903 3672 973 3709 nous
986 3655 1075 3729 parsit
1091 3654 1187 3710 devoir
1200 3657 1261 3712 etrc

192 3742 268 3813 place
281 3761 342 3796 vers
356 3744 418 3815 980.

224 3834 236 3903 l
240 3835 264 3904 ι)
285 3834 321 3887 La
337 3832 480 3888 fondation
493 3833 532 3887 du
546 3833 701 3887 monestere
715 3831 751 3887 de
766 3832 1003 3900 Medeslmmsted,
1018 3832 1197 3904 aujourd‘bui
1206 3835 1260 3889 Pe-

192 3922 373 3994 terborough‚
386 3921 498 3977 eutlieu
508 3940 567 3977 vers
578 3922 604 3978 le
616 3921 713 3976 milieu
721 3921 759 3976 dn
770 3933 820 3976 vn·
830 3921 923 3989 siecle,
936 3932 963 3977 et
976 3939 1004 3977 sa
1015 3923 1196 3977 restauration
1209 3942 1261 3996 par

191 4009 357 4065 Athelwood
373 4029 408 4065 cn
420 4026 483 4083 972.
498 4011 548 4065 Les
565 4010 637 4065 deux
650 4021 743 4065 autres
762 4012 931 4065 monasteres
949 4009 1125 4065 mentionees
1141 4011 1177 4064 ici
1196 4022 1259 4065 sont

193 4117 259 4152 ceux
274 4099 310 4153 de
323 4100 455 4171 Tlrorney
466 4110 494 4154 et
505 4088 592 4171 duty.
607 4102 644 4154 Le
657 4100 778 4172 premier
792 4099 835 4154 sut
846 4099 930 4154 londe'
943 4118 978 4154 en
996 4115 1062 4174 972,
1076 4109 1105 4154 et
1118 4097 1144 4156 le
1156 4100 1259 4155 second

194 4192 316 4245 restaure
327 4207 362 4244 eu
373 4207 434 4263 97⁰·
