2926 4980
210 407 267 463 100
483 399 666 459 HISTORIA
688 399 990 475 EGCLESIASTICA.
1161 404 1271 483 [1068]

207 518 378 594 Calabriae
411 516 591 618 partibus,
616 535 656 590 ut
686 542 791 617 supra
820 518 994 607 diximus,
1022 518 1041 589 a
1071 510 1268 596 Guise'ardo

205 637 353 735 aliisque
369 634 587 708 Normannis
605 632 735 707 alienas
757 634 898 706 divitias
922 635 1177 732 usurpantibus
1197 635 1268 711 lto·

205 752 420 827 norabiliter
443 768 626 840 retentus,
651 752 815 851 mitigato
836 750 984 843 furore,
1008 768 1117 853 que'm
1140 770 1266 827 contra

204 869 406 963 Osbernum
422 869 522 968 prius
544 866 734 956 habuerat,
756 895 856 942 nune
878 869 971 969 apud
990 896 1118 969 papam
1137 897 1207 970 pro
1223 878 1268 947 eo

204 985 381 1085 benignus
412 988 625 1061 intercessor
655 996 791 1072 exstat,
818 1012 926 1086 quem
958 1002 1059 1061 antea
1086 986 1268 1063 subtiliter

204 1103 401 1178 accusando
433 1104 625 1176 crudeliter
655 1104 935 1203 impugnaverat.
969 1104 1153 1204 Completa
1179 1133 1266 1183 vero

203 1220 379 1320 legatione
391 1220 604 1294 Willermus
619 1220 808 1319 presbyter
822 1220 865 1292 ad
878 1246 955 1307 eos,
972 1219 1137 1321 aquibus
1150 1221 1265 1297 direc-

202 1355 261 1410 tus
285 1338 421 1423 fuerat,
442 1362 612 1439 prospere
632 1338 821 1422 remeavit,
840 1353 875 1409 et
899 1337 1019 1409 relatis
1039 1364 1121 1437 quae
1138 1342 1265 1414 Romae

201 1453 337 1541 viderat
355 1453 412 1526 rel
429 1450 607 1538 audierat,
626 1452 810 1526 Uticenses
827 1450 1033 1525 laetificavit.

250 1569 419 1643 Securior
448 1569 567 1669 itaque
592 1567 775 1640 Osbernus
800 1592 923 1639 curam
951 1568 1127 1658 ecclesiae,
1155 1595 1265 1670 quam

201 1701 419 1784 susceperat,
447 1687 543 1756 intus
570 1702 606 1757 et
631 1684 786 1759 ex'terius
813 1683 1037 1787 laudabiliter
1061 1685 1261 1760 exercebat.

201 1802 411 1902 Neophytos
427 1801 471 1877 ad
492 1803 763 1876 conversionem
785 1826 860 1874 non
879 1803 947 1873 nisi
971 1820 1127 1902 quatuor
1144 1829 1264 1878 susce-

199 1933 320 2016 perat,
339 1933 489 2016 propter
506 1917 680 2016 procellas
698 1917 990 2015 persecutionum
1007 1942 1095 2017 quas
1113 1944 1263 2018 perpes-

199 2061 256 2107 sus
272 2030 409 2125 fuerat,¹
428 2034 488 2108 sed
505 2034 605 2125 illos,
625 2060 715 2136 quos
732 2062 751 2106 a
768 2033 1087 2135 praedecessoribus
1102 2034 1173 2109 suis
1186 2063 1262 2110 sus-

199 2169 321 2251 ceptos
357 2153 564 2240 invenerat,
601 2151 792 2253 diligenter
824 2167 860 2224 et
888 2142 1027 2224 utiliter
1057 2152 1094 2224 in
1132 2155 1262 2255 sanctis
1378 2227 1381 2233 ,

197 2267 334 2341 artibus
356 2268 540 2342 educabat.
567 2268 635 2341 Hic
658 2269 848 2343 constituit
866 2268 1034 2375 *generale
1057 2266 1262 2343 anniversa-

197 2387 292 2457 rium
314 2386 390 2458 lieri
411 2385 559 2485 singulis
578 2387 681 2456 annis
699 2400 751 2457 v1⁰
775 2384 845 2456 kal.
865 2384 943 2480 julii
959 2411 1028 2484 pro
1046 2384 1207 2483 patribus
1225 2402 1261 2489 et

115 2491 116 2494 ¹
198 2498 391 2591 matribus,
410 2525 478 2597 pro
500 2496 673 2569 fratribus
694 2514 730 2570 et
750 2496 935 2572 sororibus
953 2492 1118 2573 omnium
1132 2494 1261 2575 mona·

198 2614 350 2688 chorum
363 2615 541 2688 Uticensis
560 2613 735 2687 coenobii.
761 2617 801 2687 ln
819 2615 942 2688 rotulo
958 2616 1105 2715 quidem
1121 2614 1260 2717 longis&

197 2728 288 2805 sin‘ro
310 2733 475 2807 omnium
498 2729 675 2816 fratrum,
703 2732 790 2803 dnm
809 2746 960 2805 vocante
989 2733 1065 2837 Deo
1089 2733 1134 2804 ad
1157 2732 1260 2808 ordi-

198 2840 282 2945 nem
295 2832 467 2933 ueniunt,
491 2849 639 2920 nomina
657 2846 867 2921 scribuntur
878 2877 889 2936 ς
908 2847 1037 2922 deinde
1060 2865 1205 2948 patrum
1222 2868 1259 2925 et

196 2954 354 3033 matrum
385 2987 533 3046 eorum,
563 2962 789 3062 fratrumque
815 2988 856 3034 ac
889 2987 1056 3035 sororum
1084 2958 1258 3039 voeabula

196 3074 487 3177 subscribuntur.
514 3078 584 3171 Qui
621 3080 761 3152 rotulus
790 3105 899 3178 penes
927 3106 1024 3151 aram
1052 3066 1133 3154 toto
1160 3074 1259 3156 anno'

196 3194 371 3286 servatur,
400 3210 436 3270 et
462 3195 580 3269 sedula
610 3195 906 3268 commemoratio
933 3186 1191 3295 inscriptorum
1220 3200 1258 3270 in

196 3312 553 3413 eonspectullomini
573 3315 703 3412 agitur,
721 3312 809 3383 dum
825 3315 856 3386 ei
875 3340 892 3384 a
911 3310 1092 3386 sacerdote
1109 3313 1147 3386 in
1163 3313 1259 3387 cele-

195 3426 363 3529 bratione
379 3428 495 3502 missae
511 3428 644 3500 dicitur
659 3457 666 3499 :
682 3430 839 3500 Animas
848 3428 1080 3523 famulorum
1087 3408 1260 3529 fariulo-

197 3571 346 3644 rumque
359 3561 519 3635 tuarum,
536 3572 686 3643 quorum
700 3545 850 3617 nomina
863 3560 948 3616 ante
960 3552 1127 3617 sariorum
1143 3544 1260 3619 altare

196 3677 294 3731 tuum
311 3665 448 3760 scripta
461 3662 590 3734 adesse
607 3660 784 3751 videntur,
806 3659 995 3733 electorum
1011 3676 1153 3732 tuorum
1163 3663 1259 3760 jun·

194 3801 276 3869 gere
297 3776 459 3874 digneris
477 3780 671 3849 consortio.
694 3776 990 3849 Anniversarium
1006 3801 1098 3850 -vero
1118 3775 1162 3850 de
1183 3803 1258 3877 quo

197 3889 394 3990 loquimur,
414 3904 466 3964 νιο
486 3889 557 3965 kal.
577 3893 658 3989 julii
680 3895 730 3965 sic
753 3893 882 3991 agitur.
903 3891 1031 3964 Omnia
1057 3894 1154 3994 signa
1179 3920 1258 3968 sero

198 4021 234 4079 et
247 4032 351 4082 mane
364 4009 407 4080 ad
421 4008 576 4083 officium
591 4007 846 4084 defunctorum
858 4008 921 4080 diu
933 4010 1138 4109 pulsantum
1157 4010 1259 4085 volu·

200 4148 281 4195 men
307 4140 534 4198 mortuorum
558 4150 665 4223 super
687 4125 797 4199 altare
817 4125 1029 4200 dissolutum
1055 4126 1170 4224 palam
1194 4152 1259 4200 ex-
