2910 4980
190 377 251 439 lat
464 373 646 435 HISTORIA
669 373 972 436 EchESIAsTICA.

191 494 389 594 subegerat.
405 496 496 593 lpse,
509 519 591 565 oum
602 492 775 566 fratribus
783 495 869 580 suis,
882 494 1097 596 advenisque
1108 521 1248 596 compa-

193 612 328 700 triotis,
350 608 602 709 Apuliensibus
618 609 756 682 colonis
772 609 917 684 fortiter
939 609 1191 701 incumbebat,
1214 628 1248 686 et

193 728 378 828 insperatis
395 723 501 800 rebus
526 725 712 825 magnifice
736 727 906 824 peractis,
931 726 1095 800 affinibus
1111 730 1248 801 eunctis

191 844 386 932 eminebat,
400 842 595 942 multisque
603 841 736 916 divitiis
747 843 920 943 locuples,
935 844 1153 920 incessanter
1163 845 1248 920 fines

193 989 274 1036 snos
298 958 481 1033 dilatabat.
501 957 728 1033 Willelmum
753 976 873 1034 autem
897 961 1026 1035 Pantol
1051 961 1249 1037 honorifice

193 1080 364 1178 suscepit,
384 1095 422 1152 et
434 1077 546 1150 multa
565 1079 597 1150 ei
618 1078 851 1176 promittens,
868 1078 985 1178 ipsum
1000 1095 1153 1179 propter
1169 1101 1250 1180 prot

195 1196 343 1268 bitatem
359 1220 458 1267 suam
471 1194 626 1267 retinere
638 1219 758 1267 secum
771 1194 910 1294 sategit.
928 1196 970 1266 ln
981 1194 1039 1268 die
1052 1195 1197 1268 Paschae
1208 1195 1250 1270 ad

194 1312 384 1414 prandium
396 1310 548 1385 residere
554 1313 656 1408 juxta
667 1338 703 1384 se
713 1311 828 1408 ipsum
838 1311 938 1399 fecit,
950 1329 986 1386 et
995 1329 1066 1386 tres
1077 1314 1248 1401 civitates,

195 1430 223 1500 si
240 1453 359 1501 secum
376 1441 577 1500 remaneret
596 1426 633 1497 in
650 1425 768 1512 ltalia,
787 1425 839 1498 illi
853 1427 1058 1525 spopondit.

243 1546 394 1619 lnterim
413 1541 557 1616 Mabilia
574 1543 751 1618 comitissa
770 1567 945 1617 mucrone
963 1544 1112 1618 animosi
1129 1545 1251 1617 militis

196 1662 358 1760 llugonis
369 1660 412 1732 de
423 1654 559 1759 Jalgeio
571 1673 751 1757 perempta
761 1660 898 1757 est(s);
913 1657 961 1733 ob
972 1663 1028 1758 cuj
1033 1687 1072 1732 ns
1084 1659 1252 1734 interfec-

198 1780 357 1868 tionem,
379 1801 538 1876 regresso
558 1775 602 1849 de
622 1774 751 1873 Apulia
768 1774 956 1849 Willelmo
973 1776 1102 1850 Pantol
1127 1802 1251 1876 magna

145 1949 151 1958 .
197 1891 383 1967 tribulatio
403 1908 526 1966 exorta
543 1905 608 1964 est.
632 1890 725 1963 Nam
740 1891 876 1965 crimen
895 1891 927 1964 ci
946 1890 1166 1990 proditionis
1186 1894 1252 1964 im·

196 2009 423 2112 pingebatur,
444 2025 480 2082 et
500 2008 728 2082 infestatione
745 2006 865 2082 hostili
882 2010 1037 2108 graviter
1053 2035 1072 2081 a
1090 2009 1251 2109 pluribus

197 2125 336 2200 aemulis
364 2123 614 2225 impetebatur.
642 2123 790 2197 Praefata
816 2151 969 2225 namque
998 2126 1130 2200 mulier
1154 2128 1251 2200 Pire-

197 2259 276 2315 tum
285 2242 341 2340 (a)
352 2256 521 2327 castrum,
536 2237 730 2313 Guillelmo
743 2238 866 2312 datum
878 2238 1071 2314 abstulerat
1077 2270 1088 2328 ς
1103 2268 1174 2340 pro
1185 2267 1251 2341 qua

199 2357 328 2456 injuria
345 2356 509 2455 pertinax
526 2353 773 2428 malevolentia
791 2353 924 2427 diutius
942 2357 1112 2430 intereos
1130 2354 1252 2430 inhor-

198 2489 333 2548 ruerat.
347 2472 451 2546 Unde
468 2468 711 2571 suspicabatur
726 2471 825 2571 quod
841 2469 1003 2570 praedicti
1024 2471 1151 2544 militis
1169 2497 1252 2546 con·

198 2593 278 2667 silio
307 2593 456 2691 perierit
468 2619 478 2677 ;
509 2590 710 2689 praesertim
737 2615 820 2661 cum
847 2589 1042 2664 Guillelmo
1068 2590 1253 2690 Hugonem

200 2733 326 2806 magna
347 2706 568 2778 familiaritas
590 2721 627 2778 et
650 2703 773 2778 crebra
800 2703 992 2779 collocutio
1013 2704 1251 2803 conjunxerit.

200 2825 375 2922 Rogerius
393 2824 503 2923 igitur
519 2847 637 2894 comcs
660 2837 696 2895 et
718 2821 783 2894 filii
807 2826 881 2921 ejus
900 2836 1013 2895 totam
1032 2837 1165 2895 terram
1185 2825 1253 2921 ejus

200 2940 411 3029 saisierunt,
431 2938 617 3037 ipsumque
634 2935 678 3008 ad
692 2953 848 3011 mortem
861 2938 1095 3038 quaesierunt.
1111 2937 1253 3013 Guillel-

200 3084 280 3129 mus
297 3070 416 3128 antem
429 3070 466 3128 et
482 3080 575 3127 uxor
592 3057 666 3153 ejus
683 3081 765 3127 cum
785 3054 867 3128 liliis
887 3055 957 3126 suis
969 3055 1118 3128 Uticum
1132 3054 1253 3129 confu-

199 3188 348 3275 gerunt,
365 3172 487 3272 ibique
501 3170 565 3243 diu
580 3169 647 3243 sub
664 3173 887 3271 protectione
901 3172 1162 3246 monachorum
1175 3196 1252 3245 eum

201 3317 332 3391 magno
351 3291 481 3364 timore
503 3290 676 3362 demorati
702 3305 798 3362 sunt.
818 3290 990 3362 Praefatus
1013 3316 1121 3390 eques
1142 3289 1252 3389 objec-

202 3425 280 3481 tum
296 3407 434 3479 facinus
450 3405 615 3480 audacter
630 3405 826 3505 denegabat
832 3435 842 3493 ;
864 3405 924 3479 sed
940 3406 1060 3478 nullus
1080 3433 1164 3481 eum
1183 3432 1252 3480 cer-

201 3526 246 3596 tis
264 3523 403 3597 indiciis
420 3519 695 3621 comprobabat,
716 3546 783 3595 nec
799 3519 988 3623 abneganti
1007 3522 1143 3612 scelus,
1161 3547 1251 3596 sese-

201 3667 272 3740 que
300 3639 457 3739 legaliter
479 3663 630 3737 purgare
656 3638 793 3711 volenti
818 3637 1077 3738 adquiescebat.
1098 3637 1250 3712 Tandem

202 3858 295 3924 tobre,
309 3854 328 3909 il
344 3865 386 3910 est
399 3855 463 3909 bien
476 3855 605 3928 probable
618 3856 683 3930 qu’il
699 3856 814 3910 n‘arriva
829 3856 897 3910 dans
914 3856 940 3910 le
959 3874 1088 3928 royaume
1106 3857 1141 3912 de
1159 3855 1251 3928 Naplet
1283 3910 1284 3913 ,

203 3949 284 4018 qu'en
300 3946 375 4019 1078.

238 4038 276 4104 (t)
295 4035 358 4088 tet
374 4035 518 4090 decembre
535 4034 608 4089 1082.
624 4036 715 4106 Voyez
729 4034 876 4099 cidessus,
891 4053 920 4106 p.
935 4039 964 4099 4¹
974 4055 996 4089 ι.

235 4126 275 4192 (a)
294 4125 370 4177 Persi
383 4144 418 4178 en
430 4124 575 4192 Saonnals,
591 4135 669 4179 entre
681 4124 798 4178 Mamers
807 4133 836 4178 et
846 4121 1022 4179 bonnetaltle.
