2910 4980
189 458 294 533 [1118]
563 449 680 511 tmen
700 447 884 525 Qumrus.
1193 446 1255 508 teo

189 575 282 646 tibus
306 575 381 647 suis
410 597 598 672 nunquam
628 571 717 644 velis
746 597 807 644 eos
832 570 1053 658 diminuere,
1085 592 1152 639 nec
1181 565 1254 638 ali-

188 720 299 791 quam
319 695 370 766 eis
395 691 607 764 uiolentiam
625 717 696 791 per
717 687 880 760 subditos
905 704 984 759 tuos
1006 687 1168 786 patiaris
1194 688 1255 757 in-

176 811 291 905 ferre.
311 810 394 909 Ipsi
411 810 604 895 nimirum,
622 809 657 879 si
666 801 916 907 fidurfautor
934 831 1055 877 eorum
1073 803 1255 876 studueris

190 953 282 1015 esse,
298 925 541 998 indesinenter
550 925 671 995 Deum
682 922 887 995 exorabunt
899 948 970 1022 pro
988 939 1032 992 te.
1048 921 1254 1019 Nunquam

191 1046 302 1141 igitur
324 1069 405 1129 eos,
429 1043 502 1114 siue
525 1067 581 1113 res
603 1067 725 1112 eorum
746 1041 830 1112 odio
851 1038 1004 1124 habeas,
1032 1037 1098 1110 sed
1117 1062 1258 1137 semper

189 1159 326 1259 diligas
333 1188 345 1244 ,·
369 1176 402 1231 et
427 1161 462 1231 si
482 1159 665 1231 Dominus
690 1158 755 1229 tibi
776 1163 892 1230 uitam
912 1180 958 1229 ao
975 1156 1258 1257 prosperitatem

190 1274 346 1363 dederit,
366 1299 570 1347 accrescere
576 1274 725 1369 facias.
744 1274 839 1346 Hcec
856 1276 980 1372 itaque
994 1276 1026 1344 si
1045 1271 1257 1344 custodieris

190 1407 223 1460 et
239 1391 377 1488 seceris
385 1446 398 1477 ,
428 1388 708 1462 benedictionem
730 1391 824 1478 Dei,
853 1416 962 1488 quam
990 1390 1112 1461 suncti
1126 1403 1257 1487 patres

191 1508 305 1581 nostri
327 1504 530 1580 haeredibus
557 1511 632 1578 suis
651 1506 887 1605 reliquerunt,
907 1532 955 1577 er
976 1522 1082 1604 parte
1100 1505 1173 1576 Dei
1192 1501 1259 1573 tibi

192 1622 369 1710 concede,
399 1640 433 1694 et
463 1639 503 1693 ut
526 1648 636 1722 super
666 1639 700 1693 te
727 1623 851 1695 ueniat
879 1638 915 1692 et
942 1637 1109 1704 maneat,
1138 1618 1258 1691 Deum

192 1766 316 1810 erroro.
342 1738 384 1810 Si
406 1766 489 1810 vero
511 1765 633 1827 secus,
660 1738 758 1838 quod
778 1738 891 1828 absit,
915 1743 1029 1835 egeris
1035 1771 1053 1824 ;
1075 1736 1259 1810 maledic-

194 1858 326 1929 tionem
351 1883 397 1928 eu
416 1862 631 1933 auctoritate
647 1856 721 1927 Dei
741 1874 775 1928 et
794 1873 1002 1929 sanctorum
1018 1859 1172 1928 Petrum
1192 1853 1261 1925 tibi

194 1974 370 2073 relinquo.

242 2090 359 2161 Finita
386 2116 471 2163 vero
496 2089 540 2162 ad
564 2090 679 2162 filium
706 2089 770 2163 hac
799 2092 984 2178 oratione,
1015 2086 1260 2163 memorabilis

195 2203 299 2277 heros
317 2204 504 2278 Odelinam
525 2231 674 2278 uxorem
693 2233 793 2278 suam
817 2206 877 2278 tali
899 2205 1106 2307 aggreditur
1123 2203 1261 2275 allocu-

194 2320 293 2392 tione
308 2350 317 2391 :
336 2321 455 2392 Grata
463 2346 567 2394 soror
575 2338 609 2392 et
621 2320 790 2394 amabilis
800 2325 965 2422 conjunc
978 2320 1151 2407 Odelina,
1166 2343 1262 2418 qua·

192 2462 251 2522 so,
273 2462 354 2507 mea
376 2436 575 2533 benigniter·
593 2464 690 2512 nunc
711 2439 854 2512 ecattdi
868 2444 1094 2540 precamina.
1115 2438 1261 2509 Hacte-

193 2580 260 2625 nus
274 2556 437 2652 conjugii
434 2556 556 2648 sidem
568 2572 693 2630 mutuo
705 2556 809 2630 nobis
822 2557 978 2657 legitime
989 2554 1259 2640 custodivimus,

195 2673 315 2742 etsine
324 2671 452 2769 litigio,
462 2678 626 2773 turpique
633 2675 780 2773 querela
782 2675 870 2776 plus
880 2699 993 2773 quarn
1000 2676 1132 2772 uiginti
1139 2674 1259 2759 antus,

195 2787 394 2886 opitulante
406 2790 500 2878 Deo,
515 2793 624 2864 simul
636 2793 809 2864 uiuimus.
819 2796 1027 2865 Honestam
1033 2788 1190 2864 sobolem
1192 2812 1265 2890 per

194 2904 396 3003 legitimam
409 2908 579 3008 copulam
589 2914 802 3007 genuimus;
818 2936 926 3009 quam
943 2925 982 2981 ut
992 2906 1184 2981 salubriter
1196 2928 1263 2978 suo

198 3022 361 3095 Creatori
385 3022 575 3113 subdatur,
604 3024 744 3099 sedulis
772 3031 897 3099 incites
924 3025 1136 3099 hortatibus.
1163 3025 1265 3096 Ecce

197 3139 310 3212 ducor
327 3140 380 3213 ad
396 3157 560 3214 extrema
566 3197 580 3230 ,
599 3160 633 3215 et
647 3144 756 3216 uelim
772 3144 902 3232 nolim,
921 3148 1041 3216 mortis
1058 3143 1263 3242 appropin-

197 3282 266 3352 quo
282 3257 454 3357 confinia.
475 3260 576 3331 Ecce
590 3264 706 3361 jacta
726 3286 856 3332 morem
881 3262 1054 3333 uniuersa
1070 3261 1192 3330 camis
1208 3255 1265 3328 di-

197 3371 310 3458 labor,
324 3391 358 3443 et
369 3398 555 3449 commune
567 3376 728 3448 debitum
737 3377 936 3477 persoluere
949 3375 1154 3478 compellor.
1166 3374 1264 3448 Nolo

198 3506 230 3559 te
242 3491 441 3588 permulta
453 3492 664 3592 pertrahere
679 3494 878 3593 colloquia.
896 3496 990 3566 Cum
1003 3498 1083 3566 vita
1097 3510 1161 3565 tua
1175 3491 1266 3562 mul·

198 3609 243 3676 tis
255 3606 424 3678 doctrina
435 3613 553 3706 possit
566 3636 660 3699 esse,
678 3610 745 3683 ltoc
755 3612 871 3683 solum
884 3613 1066 3684 consuetis
1079 3608 1180 3683 bonis
1193 3611 1265 3680 tuis

197 3723 312 3812 adde,
328 3741 366 3794 ut
377 3726 510 3799 amodo
525 3745 629 3800 casta
641 3732 745 3802 vivas
763 3734 801 3802 in
814 3748 944 3803 saneta
956 3730 1151 3803 uiduitate.
1167 3725 1267 3800 Milti

198 3865 282 3912 uero
299 3841 448 3914 lieentia
464 3842 572 3916 detur
589 3874 613 3918 a
636 3864 668 3919 te
693 3863 731 3920 ut
752 3847 949 3920 monachus
960 3847 1079 3946 fiam,
1102 3864 1136 3918 et
1155 3845 1261 3917 indu·

198 3974 319 4027 menta
337 3965 456 4029 sancti
474 3967 591 4059 patris
616 3964 823 4054 Benedicti,
853 3967 1018 4064 quamuis
1038 3966 1111 4036 sint
1133 3968 1239 4062 nigra
1247 4017 1261 4050 ,

198 4072 330 4144 relictis
355 4074 479 4146 saculi
501 4083 685 4179 pomposis
715 4081 887 4171 vestibus,
915 4082 1112 4180 accipiam.
1143 4080 1264 4181 Cupio

198 4214 316 4258 eorum
338 4190 501 4290 adipisci
516 4201 714 4283 consortia,
735 4199 800 4295 qui
812 4225 882 4296 pro
903 4197 1047 4270 Christo
1064 4195 1267 4295 relinquunt
