2910 4980
555 395 672 456 LIBER
694 393 876 471 QUINTUS.
1193 398 1254 460 ³⁴3

188 516 285 587 ricus
303 517 340 586 in
354 538 507 613 regnum
522 513 700 587 successit.
719 510 919 586 Hildericus
930 511 1174 586 Vandalorum
1189 541 1253 589 rex

190 632 376 731 episcopos
409 627 455 701 ab
483 628 592 703 exilio
624 629 756 703 reverti
793 645 829 702 et
862 627 1023 701 ecclesias
1056 628 1253 703 instaurare

188 746 386 847 praecepit,
408 760 491 845 post
514 771 627 820 annos
644 770 757 819 uxxvr
781 744 958 820 haereticae
977 745 1252 846 profanationis.

190 862 404 937 Benedictus
421 859 528 935 abbas
540 862 719 937 virtutum
731 862 845 964 gloria
861 861 1011 951 claruit,
1027 890 1115 965 quas
1131 862 1256 938 beatus

190 1006 281 1079 papa
298 980 494 1081 Gregorius
518 981 556 1052 in
574 979 670 1054 libro
687 979 920 1080 Dialogorum
934 982 1090 1080 scripsit.
1114 983 1258 1055 Bilizia-

191 1099 269 1170 rius
285 1099 455 1197 patricius
468 1125 488 1171 a
501 1098 705 1172 Justiniano
723 1099 761 1170 in
775 1098 934 1172 Africam
949 1100 1076 1173 missus
1085 1155 1096 1189 ,
1114 1101 1258 1176 Vanda-

192 1217 316 1288 lorum
327 1230 472 1315 gentem
484 1214 635 1302 delevit,
651 1214 891 1290 Gelismerum
903 1243 1025 1316 regem
1038 1244 1166 1291 eorum
1180 1246 1260 1318 cap-

193 1348 273 1404 tum
298 1331 654 1431 Constantinopolim
675 1333 786 1405 misit.
805 1331 984 1433 Carthago
999 1359 1145 1434 quoque
1161 1360 1259 1408 anno

192 1449 406 1523 excessionis
426 1475 499 1522 snae
519 1460 577 1521 xc⁰
597 1462 649 1522 v1⁰
664 1465 805 1548 recepta
825 1465 892 1523 cst.
915 1450 1109 1553 Dionysius
1127 1453 1260 1526 Parvus

192 1562 376 1638 Paschales
403 1564 558 1639 circulos
581 1564 730 1647 scribit,
755 1565 931 1664 incipiens
950 1562 995 1637 ab
1016 1591 1114 1640 anno
1133 1567 1262 1640 Domi-

193 1679 288 1752 nicae
307 1679 564 1752 incarnationis
589 1697 629 1750 n⁰
645 1695 729 1751 xxx⁰
749 1692 809 1766 ¹1⁰3
828 1706 903 1780 quo
927 1706 1025 1754 anno
1047 1681 1167 1755 Codex
1184 1682 1262 1755 Jus-

194 1794 325 1868 tiniani
342 1795 589 1896 promulgatus
614 1812 680 1869 est.
701 1794 830 1870 Victor
845 1794 1033 1894 Capuanus
1050 1797 1259 1896 episcopus,

195 1908 332 1982 librum
342 1908 386 1984 dc
396 1908 526 1983 Pascha
539 1907 712 2000 scribens,
724 1909 878 1984 Victorii
889 1911 1168 2010 arguiterrores.
1183 1911 1264 1984 Cas·

195 2025 362 2100 siodorus
378 2041 522 2100 senator
538 2041 575 2100 et
592 2025 792 2098 Priscianus
809 2026 1060 2125 grammaticus
1077 2042 1114 2099 et
1129 2026 1263 2101 Arator

195 2140 436 2217 subdiaconus
452 2142 672 2216 claruerunt.

200 2309 240 2363 16.
338 2308 479 2364 Occubuit
491 2319 596 2382 martyr
605 2309 784 2364 Praetextatus
796 2307 1001 2382 Fredegundis,

337 2399 452 2474 Regius
462 2400 572 2455 monitu
585 2417 637 2474 pro
650 2399 756 2455 Christi
768 2400 881 2455 nomine
891 2401 957 2455 Jesu
967 2402 1015 2471 (1).

198 2555 265 2627 Hic
292 2578 407 2628 xtvur
430 2556 553 2643 annis,
574 2569 737 2653 tempore
753 2553 894 2654 Agapiti
909 2607 922 2645 ,
940 2553 1103 2641 Silverii,
1121 2553 1261 2654 Vigilii,

197 2673 347 2771 Pelagii,
368 2671 542 2745 Johannis
559 2688 595 2745 et
612 2671 742 2772 Pelagii
759 2696 953 2770 paparum,
976 2668 1042 2743 sub
1062 2671 1206 2745 Justino
1229 2690 1266 2746 et

200 2788 350 2863 Tiberio
365 2789 606 2863 Constantino
617 2788 786 2887 Augustis
798 2786 937 2862 floruit.
956 2786 1082 2861 Narscs
1099 2788 1265 2886 pauitius

200 2904 360 2979 'Potilam
367 2903 575 2979 Gothorum
584 2930 705 3003 regem
717 2905 754 2977 in
768 2902 867 2976 ltalia
881 2903 1062 3002 superavit
1071 2902 1263 2977 etoccidit.

198 3021 299 3095 Gens
318 3019 656 3121 Langobardorum,
673 3020 868 3093 comitante
879 3018 973 3092 fame
984 3034 1021 3092 et
1032 3019 1264 3105 mortalitate,

199 3163 349 3212 omnem
366 3135 502 3210 invadit
518 3135 676 3223 ltaliam,
695 3136 769 3237 regi
788 3127 950 3210 Alhuino
967 3134 1138 3235 subjecta.

235 3442 275 3511 (ι)
293 3440 373 3496 saint
387 3439 530 3494 Pretextat
546 3438 637 3511 parsit
652 3438 712 3493 stre
723 3438 812 3492 arrivs
827 3454 863 3493 au
876 3437 952 3511 siege
962 3436 1101 3511 episcopal
1117 3437 1153 3493 de
1169 3437 1269 3493 Roueu

200 3548 263 3586 vers
273 3527 337 3586 550.
352 3528 377 3585 11
389 3528 484 3585 assisto
498 3546 535 3583 au
549 3527 690 3583 uoisibme
700 3525 806 3583 concile
817 3525 853 3582 de
864 3526 943 3581 Paris
954 3544 990 3582 eu
1002 3524 1066 3601 557,
1080 3536 1110 3582 et
1121 3545 1156 3582 au
1168 3526 1272 3582 second

200 3622 237 3677 de
247 3623 341 3677 Tours
354 3639 389 3676 en
402 3618 465 3676 566.
479 3619 554 3675 C'est
563 3636 600 3675 cu
613 3616 677 3694 577,
689 3617 758 3673 daus
769 3635 810 3674 un
822 3627 901 3672 autre
913 3615 1019 3672 wucile
1031 3627 1099 3673 tenu
1114 3616 1270 3691 &galement

201 3715 216 3764 a
231 3711 326 3776 Paris,
341 3707 411 3783 qu’il
427 3708 472 3763 lut
485 3707 588 3781 depost
600 3712 614 3759 t
628 3705 811 3780 l’iustigation
823 3704 858 3762 de
870 3704 1052 3779 Fredegoude
1063 3716 1093 3761 et
1109 3704 1269 3780 Chilperic,

202 3819 276 3875 pour
289 3800 365 3856 avoir
378 3799 464 3855 marie
480 3799 587 3854 t’annee
602 3795 767 3871 precedente
785 3796 913 3852 Merovee
929 3814 993 3851 avec
1008 3797 1186 3864 Brnnehaut,
1207 3795 1271 3869 puis

204 3889 316 3962 relegas
328 3888 453 3943 irJersei.
465 3886 490 3941 ll
506 3887 550 3941 lut
565 3884 663 3942 retabli
676 3904 724 3941 sur
738 3902 789 3941 sou
801 3884 875 3958 siege
890 3886 970 3959 apres
982 3883 1009 3938 la
1020 3895 1095 3940 mort
1108 3883 1143 3940 de
1154 3883 1271 3957 Chilpe'·

204 3982 260 4045 rie,
274 3998 311 4036 en
322 3977 391 4045 584,
407 3978 503 4033 assiste
514 3997 549 4033 en
561 3975 613 4033 5⁸5
622 3995 658 4032 au
670 3976 815 4032 denuieme
824 3976 931 4032 concile
939 3975 974 4030 de
986 3976 1100 4043 Micon,
1115 3986 1144 4030 et
1156 3986 1271 4030 mourut

204 4071 336 4126 assassiue
347 4071 362 4124 t
372 4068 465 4124 l'autel
475 4087 525 4141 par
537 4068 576 4122 los
587 4067 683 4123 ordres
696 4066 729 4121 de
743 4065 925 4139 Fredegoude
937 4068 946 4135 (
952 4065 1022 4121 alors
1036 4084 1070 4120 au
1082 4064 1236 4124 Vaudreuil
1245 4068 1267 4135 ),

205 4163 230 4217 le
242 4162 391 4218 dimsnchc
405 4166 439 4226 24
451 4160 550 4215 levrici·
562 4157 623 4214 586.
