2910 4980
191 466 300 548 [roos]
567 469 683 531 munt
704 470 883 532 rannus.
1201 480 1251 535 tut

192 584 378 687 penditur,
391 603 428 660 et
441 586 644 687 deprecatio
661 589 760 686 prius
772 596 846 687 pro'
854 587 1045 678 defunctis,
1058 604 1178 688 postea
1189 617 1257 689 pro

191 707 283 778 rivis
301 704 509 804 parentibus
526 720 562 780 et
582 704 893 792 benefactoribus,
913 708 1123 808 cunctisque
1139 706 1258 783 fideli-

193 821 264 894 bns
284 825 360 898 Deo
381 821 535 897 fideliter
552 822 717 897 offertur.
742 826 845 898 Missa
866 852 952 899 vero
973 825 1194 898 matutinalis
1213 825 1258 899 ab

191 936 321 1012 abbate
334 938 525 1015 celebriter
537 942 692 1029 canitur,
705 967 786 1014 cum
797 967 872 1041 quo
883 943 1025 1013 sacratis
1039 940 1259 1015 indumentis

190 1081 318 1131 omnes
332 1056 488 1131 ministri
503 1060 758 1134 revestiuntur.
775 1059 831 1131 Ab
844 1059 1125 1158 eleemosynario
1137 1075 1258 1133 autem

192 1187 250 1247 tot
262 1198 454 1274 pauperes,
470 1192 562 1274 quot
576 1174 740 1249 monachi
755 1190 860 1263 sunt,
878 1176 949 1276 ipsa
962 1175 1020 1248 die
1032 1177 1069 1247 in
1084 1175 1257 1250 coenobio

190 1288 429 1389 colliguntur,
455 1306 492 1364 et
514 1292 552 1364 iu
579 1289 805 1366 xenodochio
824 1318 915 1390 pane
936 1309 972 1366 et
993 1307 1086 1392 potu
1113 1318 1257 1392 unoque

190 1407 347 1507 generali
364 1408 578 1481 sufficienter
594 1435 612 1480 a
629 1408 813 1482 cellarario
829 1423 1038 1507 pascuntur,
1056 1425 1185 1506 etpost
1198 1436 1257 1481 ca-

191 1523 349 1623 pitulum
362 1524 407 1597 ab
420 1527 520 1598 omni
537 1541 718 1599 conventu
733 1526 938 1598 mandatum
954 1549 1152 1625 pauperum
1164 1526 1258 1599 sicut

190 1640 230 1712 in
248 1665 352 1713 coena
367 1641 514 1714 Domini
535 1645 730 1741 peragitur.
750 1644 828 1715 Hoc
844 1643 936 1714 sicut
950 1640 1132 1715 Osbernus
1148 1641 1257 1717 abbas

190 1756 394 1846 constitnit,
408 1757 586 1830 Uticensis
599 1757 745 1832 ecclesia
759 1783 869 1857 usqne
883 1760 921 1830 in
936 1757 1150 1833 hodiernum
1160 1756 1256 1833 diem

189 1868 381 1970 vigilanter
393 1871 618 1960 custodit,et
630 1870 1100 1973 Nogionensibus(r)atque
1112 1873 1257 1949 Balche·
1376 1959 1378 1963 ,

190 1985 356 2059 rensibus
370 1988 440 2085 (2),
455 1987 600 2087 aliisque
613 1987 821 2088 sequacibus
831 1988 903 2060 suis
915 1989 1083 2061 sitienter
1094 1974 1252 2062 tradidit.

241 2103 345 2202 Saepe
358 2104 565 2176 nominatus
575 2105 705 2177 rirllei
716 2129 901 2202 pauperes,
914 2118 955 2175 ut
968 2102 1253 2202 supradiximus,

189 2230 228 2289 et
242 2231 399 2317 aegrotos
414 2217 513 2290 ralde
535 2216 698 2304 amabat,
720 2235 898 2291 eteorum
920 2216 1114 2317 indigendo
1132 2235 1169 2293 et
1190 2246 1256 2293 ne-

189 2334 337 2409 casaria
365 2333 550 2433 largiendo
581 2333 827 2409 subveniebat.
858 2334 963 2407 Unde
995 2335 1184 2409 constituit
1215 2353 1255 2407 ut

188 2464 326 2551 septem
343 2451 472 2549 leprosi
489 2478 558 2550 pro
574 2476 696 2525 amore
713 2452 777 2524 Dei
793 2452 1002 2549 perenniter
1018 2449 1063 2522 ab
1080 2452 1254 2524 Uticensi·

189 2566 258 2641 bus
287 2567 482 2657 alerentur,
511 2570 632 2669 eisque
659 2571 703 2644 de
731 2570 877 2643 cellario
903 2569 1058 2640 fratrum
1088 2571 1190 2670 panis
1219 2588 1255 2644 et

188 2701 296 2785 potus
313 2701 451 2784 septem
466 2685 728 2760 monachorum
745 2684 908 2785 quotidie
925 2685 1129 2784 largiretur.
1147 2687 1253 2779 Quod

188 2804 264 2900 ipse
284 2816 322 2875 et
344 2802 537 2874 Mainerius
559 2826 739 2875 successor
763 2805 838 2901 ejus
860 2798 1015 2873 libenter
1036 2816 1250 2888 tenuerunt,

188 2915 359 3017 quamdiu
376 2918 414 2989 in
430 2919 604 3018 regimine
616 2918 739 2990 vitales
757 2944 857 2989 auras
873 2916 1078 2993 hauserunt.
1095 2917 1163 2992 Sed
1177 2917 1253 2993 baee

189 3033 372 3108 stolone
387 3060 587 3110 successore
599 3060 742 3122 eorum,
759 3052 869 3134 prout
881 3033 1047 3106 voluntas
1063 3033 1253 3108 bominum

189 3151 361 3241 variatur,
387 3138 599 3226 constitutio
623 3169 744 3252 postea
761 3167 894 3224 mutata
912 3168 986 3241 est,
1007 3153 1211 3251 iterumque
1232 3181 1251 3224 a

192 3266 365 3367 llogerio,
385 3269 447 3368 qui
465 3269 630 3340 successit
646 3269 715 3353 eis,
737 3268 914 3339 ternarius
931 3266 1160 3340 infirmorum
1180 3294 1251 3340 nu-

191 3408 312 3456 merus
329 3385 368 3456 in
386 3384 535 3456 nomine
551 3384 697 3457 Domini
716 3383 931 3456 reformatus
948 3397 1014 3455 est.
1105 3414 1107 3418 ·

237 3497 448 3587 Vlll.Auuo
456 3496 502 3571 ab
512 3499 1148 3598 incarnationeDominiutxtv⁰,p0st
1158 3526 1253 3572 mor-

193 3612 441 3689 temHerbcrti
446 3615 587 3712 juvenis
597 3615 919 3687 Cenomanensium
929 3613 1144 3711 comitis(3),
1156 3616 1253 3688 Wil-

224 3852 783 3929 (1)tamoinesdenoyon-sur-Audelte,
791 3853 1252 3927 aujourd’huiClrarleral,prieurc'³

195 3932 449 4001 mmmmm.

227 4032 267 4105 (a)
280 4032 334 4095 les
349 4032 458 4089 moines
474 4032 509 4089 de
530 4034 748 4106 Salat-Georges
769 4031 804 4087 de
821 4031 1008 4098 Bocherville,
1026 4030 1128 4102 abbaye
1149 4031 1251 4087 lilledo

196 4109 413 4191 antus-Errant,
429 4122 516 4179 situce
528 4127 545 4178 a
556 4123 628 4179 deur
638 4123 723 4179 lienes
733 4122 769 4176 de
783 4122 892 4177 Rouen.

229 4202 268 4275 (ὅ)
283 4208 402 4265 llerbcrt
415 4210 458 4280 ll,
471 4220 561 4267 comte
571 4209 609 4265 du
620 4209 711 4265 blaiue
728 4212 738 4278 (
751 4209 925 4279 soit-tofta).
943 4208 1095 4265 L'inrasion
1107 4208 1147 4264 du
1160 4209 1249 4264 llaiue
