2910 4980
191 423 368 500 [tw-cnm
379 423 472 500 1000]
549 417 685 483 tum
704 418 884 480 TERTIUS.
1198 410 1256 482 1³⁷

191 540 409 616 mortalibus
423 540 488 613 nbi
507 556 597 614 esset
621 540 868 641 ignorabatur,
886 555 929 612 ut
942 563 1008 639 per
1023 539 1140 612 visum
1160 539 1261 612 insti·

191 672 297 758 gatus
314 656 452 746 fuerat,
473 657 569 730 intra
583 655 766 733 ccdesiam
782 681 946 756 quaerere
961 655 1093 753 coepit,
1113 669 1149 727 et
1171 654 1260 726 insi-

191 788 331 847 nuante
339 771 509 848 Pridiano
517 773 721 873 Sigemano‚
734 772 779 845 ad
787 772 971 846 dexteram
979 770 1099 845 altoris
1107 771 1146 842 S.
1160 770 1260 843 Mar-

192 890 264 963 tini
280 888 537 991 sarcophagum
552 891 705 964 invenit.
724 890 871 963 Cunctis
882 889 965 963 inde
975 885 1212 989 gaudentibus
1224 902 1261 960 et

190 1003 271 1079 Iteo
286 1004 407 1078 laudes
423 1004 656 1094 canentibus,
676 1004 856 1079 defossum
873 1019 926 1080 est
942 1030 1025 1077 cum
1043 1019 1166 1078 sancto
1184 1027 1262 1077 cor·

191 1147 283 1222 pore
300 1123 522 1197 mausoleum
539 1140 576 1196 et
602 1150 621 1195 a
646 1137 740 1196 terra
765 1121 958 1195 sublatum.
978 1122 1056 1194 Hoc
1073 1121 1165 1193 fama
1183 1146 1263 1219 pas-

190 1239 263 1315 sim
270 1239 449 1340 divulgat,
461 1241 604 1339 copiosa
613 1237 715 1339 plebs
723 1239 884 1339 undique
893 1253 1083 1337 properat,
1094 1252 1137 1308 ut
1147 1236 1259 1308 sancti

191 1357 359 1456 corporis
374 1358 590 1431 levationem
604 1357 738 1445 videat,
758 1371 795 1429 et
811 1358 843 1429 ei
857 1370 942 1431 vota
955 1383 1038 1429 cum
1049 1351 1262 1431 muneribus

190 1472 336 1546 offerat.
357 1474 475 1546 Multa
492 1474 627 1551 ibidem
642 1472 735 1547 lacta
756 1490 842 1546 sunt
858 1474 1049 1565 miracula,
1068 1487 1105 1545 et
1125 1468 1262 1542 multa-

191 1614 278 1661 rum
289 1604 410 1662 curata
421 1606 507 1663 sunt
517 1590 771 1666 infirmitatum
781 1616 921 1691 genera.
929 1589 1181 1664 'tandemvur
1189 1587 1258 1660 kal.

191 1707 334 1805 augusti
355 1732 486 1806 corpus
506 1709 618 1782 sancti
642 1709 771 1782 Judoei
793 1724 1007 1783 veneranter
1028 1707 1188 1807 positum
1209 1720 1262 1779 est

192 1848 302 1923 super
319 1821 429 1896 altare
445 1827 558 1897 sancti
574 1826 737 1900 Martini.

241 1940 327 2039 Ipso
339 1966 437 2014 auno
450 1939 583 2015 ibidem
597 1944 857 2017 monasterium
869 1970 889 2015 a
902 1942 1145 2016 fundamentis
1161 1966 1261 2040 coep·

194 2071 362 2144 tumcst,
378 2071 415 2129 et
429 2049 674 2132 monasticbus
690 2059 782 2133 ordo
798 2060 953 2159 reparari
972 2075 1113 2159 coeptus
1130 2073 1203 2149 est,
1224 2072 1262 2131 et

194 2173 412 2249 reverendus
424 2172 532 2246 abbas
544 2175 784 2276 Sigebrandus
797 2176 1015 2249 constitutus
1023 2191 1089 2248 est.
1100 2173 1261 2268 Quadam

194 2305 304 2364 nocte
313 2291 538 2390 dumcorpus
550 2292 587 2364 S.
601 2291 728 2365 Judoei
743 2306 945 2366 servaretur
953 2298 991 2363 in
999 2290 1143 2364 ecclesia
1155 2290 1192 2361 S.
1202 2290 1263 2362 Pe-

195 2407 265 2496 tri,
285 2431 339 2481 vtt
357 2409 448 2481 cerei
466 2425 548 2481 ante
565 2408 732 2508 reliquias
751 2423 877 2495 erant,
896 2433 1055 2507 quorum
1070 2432 1163 2479 unus
1178 2421 1263 2477 tan-
1379 2424 1385 2439 ·

195 2541 275 2599 tum
291 2522 337 2597 ab
354 2525 489 2601 aedituo
506 2527 671 2600 incensus
687 2541 765 2600 erat
771 2555 783 2612 ;
801 2527 934 2626 reliqui
951 2551 1038 2600 vero
1058 2552 1119 2600 sex
1140 2539 1264 2598 custo-

194 2639 301 2717 dibus
313 2640 576 2717 dormientibus
593 2644 739 2717 coelitus
753 2646 890 2718 accensi
908 2661 1005 2717 sunt.

243 2761 304 2833 Sic
326 2761 391 2834 alia
407 2762 486 2835 vice
506 2763 544 2834 in
562 2760 707 2835 ecclesia
726 2789 786 2834 sua
806 2788 936 2860 corpus
956 2764 993 2835 S.
1011 2762 1138 2835 Judoei
1160 2778 1260 2850 erat3

193 2893 371 2977 praetcnte
383 2877 573 2978 Sigemano
588 2876 729 2965 lumen,
742 2877 841 2976 quod
851 2878 887 2949 vi
901 2893 1094 2950 ventorum
1108 2894 1144 2952 et
1159 2877 1265 2950 inun-

192 2992 340 3069 datione
352 2992 556 3095 pluviarum
568 2994 771 3069 extinctum
784 3007 861 3068 crat
869 3048 880 3083 ,
895 2992 1069 3068 divinitus
1082 2993 1263 3068 illumina-

193 3125 275 3187 tum
290 3127 357 3187 est.

238 3229 455 3317 Dominico,
474 3229 561 3303 dum
577 3229 764 3305 Pridianus
780 3232 923 3304 missam
939 3231 1150 3306 solemniter
1167 3228 1262 3303 cele-

192 3342 323 3435 brabat
332 3401 345 3437 ,
363 3347 509 3447 quidam
525 3373 642 3420 vassus
659 3347 820 3422 Hilduini
840 3349 982 3422 comitis
1002 3348 1151 3422 nomine
1166 3345 1264 3419 Gua-

192 3460 397 3538 rembertus
405 3466 497 3538 mala
507 3465 693 3539 voluntate
701 3467 829 3566 plenus
841 3482 931 3555 erat,
943 3467 1090 3565 cupiens
1101 3464 1144 3537 de
1155 3462 1262 3537 rebus

193 3579 307 3653 unsri
325 3604 408 3680 quae
423 3580 531 3655 vellet
547 3581 726 3654 violenter
742 3581 904 3670 auferre,
931 3596 967 3653 et
994 3579 1182 3679 Sigemano
1197 3577 1264 3651 de-

192 3692 301 3793 pulso
313 3692 469 3767 alterum
485 3696 557 3768 suis
572 3695 735 3769 moribus
752 3695 1039 3769 consentientem
1052 3692 1260 3795 subrogare.

194 3808 288 3883 Gum
298 3836 386 3912 ergo
399 3811 437 3885 in
445 3811 641 3913 Evangelio
654 3812 807 3911 legitur:
820 3813 867 3886 Ut
878 3812 971 3912 quid
979 3813 1150 3913 cogitatis
1162 3810 1264 3884 naula

195 3927 235 3998 in
253 3926 427 4001 cordibus
448 3931 579 4002 vestris
597 3927 695 4028 (1)'i,
714 3930 825 4028 coepit
842 3931 951 4002 miser
967 3929 1037 4000 alte
1051 3926 1263 4013 vociferari,

229 4188 269 4259 (ι)
287 4187 400 4259 narn„
415 4207 454 4258 tt,
468 4194 494 4256 a
