2910 4980
565 440 682 506 nana
702 443 887 520 Qunrns.
1201 445 1262 509 toa

194 567 256 640 dio
262 621 274 657 ,
290 565 393 638 aliam
407 560 511 638 duxit
524 590 675 638 uxorem
684 563 834 637 nomine
843 562 995 651 Dudam,
1008 561 1119 635 filiam
1132 563 1264 648 Gnale—

193 683 300 755 ranni
314 681 359 754 de
372 680 545 754 Melleoto
557 681 572 778 (
580 680 627 777 ι),
636 677 815 780 quaeduos
824 677 941 754 eidem
948 679 1041 753 filios
1055 680 1264 754 :Simonem

194 817 232 874 et
244 802 436 902 lingonem
449 800 608 899 peperit,
623 823 715 899 quos
729 799 768 872 in
778 800 970 898 juventute
986 796 1150 899 improba
1165 825 1264 874 mors

194 914 328 1016 absque
341 914 465 990 liberis
481 913 606 989 ambos
616 912 818 989 absorbuit.
834 914 1008 988 Albereda
1023 942 1110 989 vero
1123 913 1263 988 schema

194 1033 379 1132 religionis
392 1035 559 1132 suscepit,
573 1047 610 1105 et
624 1032 662 1104 in
675 1031 833 1130 quodam
846 1033 1066 1106 monasterio
1079 1033 1263 1132 virgiuum

195 1148 522 1222 sanctimonialium
548 1149 658 1220 vitam
690 1141 821 1220 finivit.
847 1147 1021 1221 Praefatus
1047 1148 1263 1222 Guillelmns

194 1267 369 1343 Gualterii
390 1267 434 1341 de
453 1267 584 1340 Falesia
606 1265 702 1339 filius
723 1265 813 1356 fuit,
836 1281 873 1338 et
894 1267 932 1339 in
955 1266 1083 1339 militia
1106 1267 1263 1339 nimium

193 1385 329 1484 viguit3
351 1383 447 1458 unde
470 1385 685 1459 Guillelmus
711 1385 879 1484 princeps
902 1384 1013 1458 filiam
1036 1382 1260 1460 Guidmundi

192 1525 278 1572 cum
296 1516 375 1576 toto
392 1502 425 1575 ei
443 1499 583 1575 bonore
603 1501 795 1575 Molinensi
820 1502 989 1579 contulit.
1010 1501 1119 1575 Futili
1139 1528 1263 1574 vanae-

193 1644 265 1719 que
284 1619 378 1691 landi
396 1619 504 1691 nimis
524 1618 685 1705 inhaesit,
701 1644 771 1718 pro
787 1644 860 1718 qua
877 1619 1080 1693 multorum
1096 1644 1178 1692 reus
1195 1617 1264 1692 ho-

193 1736 422 1810 micidiorum
436 1738 569 1810 extitit.
587 1738 717 1809 Fertur
728 1736 827 1837 quod
839 1736 998 1809 multum
1009 1735 1264 1837 sanguinissa-

191 1854 305 1942 derit,
324 1869 361 1928 et
381 1853 480 1955 quod
498 1869 571 1927 tam
591 1854 680 1927 dirae
702 1853 920 1928 crudelitatis
941 1854 1090 1930 fortuna
1108 1853 1263 1926 infectus

191 1969 327 2058 suerit,
346 1985 387 2042 ut
407 1971 529 2043 nullus
551 1971 743 2043 imminens
767 1969 907 2043 lethum
924 1971 1109 2057 evasisset,
1129 1969 1193 2070 qui
1217 1968 1263 2040 ab

191 2113 255 2176 eo,
281 2088 445 2188 quamvis
462 2114 612 2186 parum,
634 2086 842 2159 vulneratus
858 2086 996 2159 fuisset.
1017 2088 1059 2158 ln
1081 2085 1262 2185 prosperis

192 2219 300 2304 atque
315 2203 468 2278 adversis
487 2230 600 2306 usque
618 2203 661 2276 ad
678 2230 850 2279 annosam
866 2218 1086 2277 senectutem
1101 2203 1210 2291 vixit,
1225 2217 1262 2276 et

191 2334 367 2421 quantum
394 2318 438 2391 ad
463 2320 635 2393 saeculum
660 2318 863 2408 adtinebat,
892 2318 1092 2393 honorifice
1119 2318 1258 2394 lloruit.

192 2434 354 2508 Tandem
380 2437 417 2508 in
436 2452 554 2509 castro
579 2462 645 2509 suo
667 2443 749 2509 x1v⁰
769 2437 842 2509 kal.
863 2434 1071 2510 novembris
1091 2436 1258 2524 decessit,

191 2567 228 2624 et
246 2554 284 2624 in
302 2553 460 2652 capitulo
475 2554 636 2627 Uticensi
656 2554 854 2627 tumulatus
870 2555 1036 2656 quiescit.

240 2668 443 2744 Rodbertus
459 2685 579 2743 antem
592 2670 688 2743 fitius
701 2673 789 2769 ejus,
805 2686 997 2770 postquam
1012 2669 1259 2745 haereditatem

191 2786 322 2858 avitam
335 2784 510 2873 obtinuit,
526 2788 660 2860 futurae
672 2787 794 2860 salutis
804 2814 958 2876 memor,
970 2789 1119 2861 Uticam
1128 2788 1258 2877 adivit3

190 2917 228 2973 et
253 2901 429 3002 quidquid
455 2920 557 3000 pater
580 2930 686 2996 suus,
708 2921 894 3005 materque
919 2931 980 2976 sna
1001 2905 1174 2979 dederant
1198 2921 1261 2978 aut

190 3037 460 3108 concesserant,
484 3022 681 3109 concessio
706 3039 743 3095 et
764 3021 942 3122 quidquid
965 3024 1129 3097 homines
1150 3022 1259 3122 ipsius

190 3137 340 3211 honoris
356 3138 581 3212 donaverant
598 3153 662 3211 aut
677 3138 934 3230 vendiderant,
956 3154 1081 3213 sancto
1103 3136 1259 3213 Ebrnlfo

190 3419 264 3473 deux
275 3419 396 3487 enlants,
409 3436 516 3474 comme
530 3438 567 3474 on
579 3420 705 3493 pourrait
716 3418 744 3474 le
756 3419 855 3474 croire.
869 3418 932 3474 Une
946 3419 1041 3473 charte
1054 3417 1089 3473 de
1098 3417 1258 3475 Gnillaame

189 3506 225 3561 de
239 3507 360 3562 Moulins
371 3526 406 3562 en
415 3507 509 3563 faveur
521 3507 557 3562 de
567 3508 728 3564 saint-Pam
739 3517 820 3581 porte
833 3507 909 3563 leurs
920 3507 1119 3582 conscriptions
1129 3507 1258 3580 jointesa

189 3595 271 3651 celles
280 3596 315 3651 de
327 3596 402 3651 leurs
415 3608 525 3670 parents
537 3598 629 3668 (Cart.
643 3616 671 3670 p.
685 3595 759 3671 549).
775 3596 799 3651 ll
811 3596 900 3671 paralt
912 3595 985 3653 donc
995 3615 1050 3672 que
1062 3597 1102 3653 les
1115 3596 1258 3672 scrupulas

189 3686 237 3760 qui
248 3685 405 3741 donnerent
417 3685 497 3741 liena
509 3684 534 3741 la
543 3685 709 3741 dissolutior
718 3685 757 3741 du
765 3688 904 3760 mariage,
917 3704 953 3741 nc
965 3686 1125 3743 s'elevereat
1137 3686 1258 3761 qu'assez

189 3773 253 3828 tard
271 3773 341 3828 dans
358 3774 384 3829 la
401 3776 562 3831 conscience
581 3774 617 3830 de
634 3774 795 3831 Gnillaome
814 3775 849 3831 de
867 3776 1003 3845 Moulius,
1024 3787 1053 3832 et
1072 3795 1142 3832 nous
1156 3795 1258 3856 vopoas

188 3862 271 3937 qn’ils
280 3863 425 3919 n’allerent
437 3883 486 3938 pas
496 3864 607 3940 jusqn’a
616 3865 656 3920 lui
666 3865 734 3920 faire
747 3866 878 3922 restituer
890 3866 930 3922 les
942 3867 1086 3923 domines
1098 3868 1257 3942 qu’Aubree

189 3952 260 4007 avait
272 3956 402 4027 apportes
414 3972 449 4009 eu
460 3954 518 4009 dot.

223 4044 262 4115 (a)
280 4046 361 4100 Cette
378 4045 459 4100 dame
477 4047 545 4102 etait
561 4065 637 4102 soeur
649 4045 807 4117 d'Adeline,
828 4048 929 4104 lemme
945 4048 981 4103 de
1000 4048 1095 4124 Roger
1116 4050 1152 4106 de
1167 4051 1255 4107 Bean-

189 4144 278 4190 mont.
293 4135 414 4194 Valeran
431 4137 460 4191 II
476 4137 591 4192 succeda
609 4141 625 4191 a
644 4156 694 4193 son
711 4139 784 4194 frere
802 4138 919 4212 Hugues
932 4138 966 4193 10'
984 4137 1052 4197 dans
1068 4139 1095 4197 le
1112 4141 1204 4197 comte
1221 4138 1257 4196 de

188 4224 314 4295 Manlau,
329 4244 389 4282 vers
406 4225 485 4296 1015,
499 4238 528 4283 et
541 4238 656 4284 mourut
665 4228 691 4285 le
703 4229 720 4286 8
733 4228 847 4286 octobre
860 4227 976 4304 1069011
993 4247 1070 4305 ¹070·
