2910 4980
191 412 252 473 330
468 408 651 471 HISTORIA
673 409 978 472 Eccttslastlcx.

191 528 280 602 dum
291 527 412 601 Sixtus
425 555 515 629 papa
534 531 572 603 in
587 530 668 604 sede
680 529 875 630 apostolica
888 529 1079 616 resideret,
1095 546 1133 603 et
1148 529 1260 603 AEhus

192 645 392 723 Hadrianus
403 645 664 745 rempublicam
679 648 910 747 gubernaret,
926 647 1055 747 plenus
1067 646 1211 721 dierum
1225 663 1260 723 ct

192 764 391 856 virtutum,
409 764 589 838 Taurinae
613 779 668 838 ιιι·
689 763 767 838 idus
786 765 926 864 augusti
940 763 985 838 de
1001 764 1099 839 ooelo
1116 781 1260 838 rosetus

192 894 263 968 est,
285 895 320 953 et
342 878 486 954 ecclesia
504 882 640 979 populo
659 895 796 955 astante
812 879 921 955 densa
933 881 1189 983 odoriferaque
1203 907 1260 956 ne·

192 995 277 1069 bula
295 997 429 1097 repleta
449 1014 515 1070 est.
536 999 734 1073 Transacto
752 997 860 1070 unius
878 995 979 1071 horae
995 997 1115 1098 spatio
1132 993 1260 1071 nebula

191 1114 354 1203 recessit,
371 1131 409 1189 et
421 1113 587 1215 pontifex
601 1115 639 1187 in
653 1112 818 1188 cathedra
831 1113 1026 1200 sedens,'et
1037 1113 1141 1214 quusi
1157 1138 1260 1187 oram

191 1227 358 1304 manibus
370 1230 545 1317 extensis,
560 1230 746 1331 oculisque
759 1229 801 1303 ad
816 1228 953 1303 coelum
962 1229 1072 1302 versis
1083 1227 1258 1328 apparuit

192 1346 321 1445 lngens
335 1344 454 1419 luctus
466 1344 789 1445 parrochianorum
800 1369 883 1417 casu
894 1344 1047 1442 pastoris
1059 1343 1178 1418 lactus
1190 1358 1258 1431 est,

186 1465 361 1562 jussuque
376 1463 492 1564 angeli
513 1463 592 1562 (qui
610 1462 747 1561 populo
766 1463 803 1534 in
820 1461 937 1561 specie
952 1462 1020 1535 viri
1039 1458 1259 1537 honombit‘s

191 1581 421 1680 apparuerat)
437 1596 537 1653 extra
554 1579 681 1653 urbem
697 1581 796 1680 quasi
814 1578 858 1655 ad
872 1581 1015 1655 tertiam
1029 1597 1171 1679 partem
1188 1578 1260 1651 mil

191 1696 284 1771 liarii
299 1694 344 1768 ad
356 1696 582 1771 occidentem
595 1698 651 1770 vir
664 1697 728 1769 Dei
742 1697 901 1796 sepultus
911 1712 980 1770 est.
996 1698 1115 1770 Locus
1129 1694 1192 1770 ille
1203 1694 1261 1768 diu

191 1813 425 1914 postmodum
438 1819 514 1889 sine
528 1810 667 1888 honore
679 1811 823 1887 habitus
834 1829 900 1887 est.
915 1813 985 1887 Sed
999 1839 1100 1887 nunc
1117 1813 1171 1920 ibi
1186 1839 1261 1913 gre*

193 1931 241 2004 tia
263 1930 327 2006 Dei
352 1931 484 2006 electus
513 1957 601 2032 grex
623 1931 888 2006 monachorum
915 1932 952 2004 in
976 1931 1106 2004 militia
1128 1928 1261 2004 salubri

193 2049 412 2121 constitutus
425 2063 479 2122 est
490 2050 561 2148 (1).
581 2051 623 2122 ln
639 2049 850 2151 sepelitione
867 2046 1082 2123 venerabilis
1104 2046 1263 2148 episcopi

192 2191 249 2239 res
263 2165 394 2239 accidit
407 2165 588 2238 inusitata.
604 2165 700 2238 Dum
717 2165 753 2241 in
766 2164 949 2241 mausoleo
960 2164 1095 2263 praesul
1107 2188 1154 2236 ex
1164 2187 1264 2237 more

191 2298 405 2383 poneretur,
429 2283 656 2383 populusque
677 2283 786 2359 nimis
809 2281 936 2370 fleret,
960 2280 1021 2355 ille
1041 2280 1144 2382 quasi
1163 2280 1265 2353 rivus

191 2398 237 2472 de
249 2397 342 2472 fossa
355 2399 495 2498 erigens
509 2425 545 2472 se
553 2452 565 2489 ,
579 2399 631 2470 ait
646 2429 655 2470 ε
669 2398 802 2472 Filioli
816 2402 904 2485 mei,
923 2396 1017 2494 quid
1031 2396 1104 2472 hoc
1105 2393 1265 2492 facitis?

192 2515 322 2594 Nolite
337 2519 471 2591 timere.
485 2517 516 2590 J
515 2533 634 2591 ustum
649 2518 772 2589 virum
788 2514 930 2588 audite.
949 2514 999 2587 Et
1015 2513 1195 2587 inclinato
1208 2539 1265 2588 ‹aa-

192 2634 268 2734 pite
286 2634 399 2707 siluit.

243 2751 393 2850 Sepulto
409 2752 529 2852 itaque
543 2774 650 2827 servo
664 2749 815 2836 Christi,
835 2748 928 2823 dixit
944 2746 989 2822 ad
1004 2747 1185 2848 populum
1202 2772 1266 2821 an-

192 2867 291 2967 gelus
306 2868 372 2940 Dei
391 2898 400 2938 :
417 2869 592 2943 Recedite
604 2866 790 2958 uelociter,
807 2893 853 2941 ne
868 2866 1102 2941 involvamini
1116 2864 1168 2939 ub
1186 2865 1267 2940 hut·

195 2982 304 3055 n'bus.
322 2982 435 3057 Nunc
455 2989 580 3060 civitas
602 2988 674 3060 ista
695 2984 925 3072 subvertetur,
947 2984 1014 3058 sed
1033 2983 1161 3058 nullus
1182 3008 1267 3056 ver-

196 3116 291 3172 trum
293 3100 581 3201 periclitabitur.
595 3103 672 3174 Per
681 3100 797 3174 multo
809 3117 972 3202 tempora
985 3101 1193 3198 incognitus
1203 3100 1268 3173 erit

196 3218 298 3292 locus
313 3220 393 3293 iste.
409 3219 472 3291 His
487 3217 591 3294 dictis
607 3245 785 3319 nusquam
800 3219 1022 3318 comparuit,
1039 3233 1076 3292 et
1089 3216 1268 3316 completa

196 3352 282 3409 sunt
298 3339 419 3411 omnia
436 3352 478 3410 ut
490 3337 672 3436 praedixit.
689 3337 782 3410 Nam
795 3338 1001 3436 sepulcrum
1022 3337 1136 3410 sancti
1157 3338 1269 3410 antis·

197 3454 272 3526 titis
297 3470 333 3526 et
357 3454 641 3548 anniversarium
660 3456 831 3529 transitus
855 3457 929 3553 ejus
946 3452 1010 3526 diu
1031 3450 1200 3527 homines
1218 3452 1270 3525 la·

198 3586 369 3658 tuernnt,
384 3570 445 3645 sed
456 3573 638 3647 revelante
650 3572 729 3647 Deo
740 3571 972 3671 postmodum
983 3570 1141 3670 gloriose
1152 3585 1270 3668 patue·

196 3704 282 3761 runt
294 3689 362 3787 (2)
376 3688 482 3789 Signa
497 3715 643 3790 quoquc
656 3688 833 3763 nonnulla
848 3715 912 3789 per
925 3713 1009 3762 eum
1022 3684 1116 3785 apud
1131 3683 1270 3759 Ebroas

234 3928 273 3997 (1)
292 3926 331 3981 Ce
341 3926 398 3982 lieu
411 3936 454 3982 est
470 3925 542 3982 celui
558 3929 596 3982 ou
608 3925 665 3983 l’on
675 3927 734 3983 voit
743 3945 844 3983 encore
855 3926 1076 4000 l’emplacement
1088 3925 1130 3979 du
1141 3926 1269 3983 tombeuu
1297 3943 1323 3978 ,ι

201 4013 236 4068 de
247 4015 320 4070 saint
330 4016 451 4085 Taurin,
465 4026 494 4071 et
506 4018 544 4072 ou
555 4034 610 4071 une
624 4017 727 4090 abbaye
739 4034 756 4070 a
769 4019 813 4072 ete
826 4015 927 4072 londe'e
936 4011 971 4071 en
987 4034 1037 4072 sou
1047 4016 1182 4071 honneur
1193 4023 1323 4070 arent:

202 4106 226 4159 la
238 4106 275 4158 sin
288 4103 327 4156 du
336 4115 387 4160 ιιιθ
402 4106 492 4161 siecle.
506 4106 637 4180 Quoique
651 4106 773 4180 compris
782 4104 851 4162 daus
865 4105 890 4161 la
907 4105 1138 4179 circonscriptiou
1155 4102 1323 4161 actuellffi

200 4183 349 4262 d'livrcnx,
365 4198 384 4252 il
397 4200 489 4254 etaiti
503 4217 558 4255 une
571 4201 693 4255 certaiue
707 4198 830 4254 distance
842 4199 877 4255 dc
889 4200 1036 4255 l'enceinte
1048 4198 1185 4254 romaiue.

228 4286 270 4352 (n)
289 4284 328 4338 lei
343 4285 454 4343 s’arrete
466 4288 492 4342 la
505 4286 621 4360 legende
637 4287 798 4360 reproduite
813 4306 849 4344 en
864 4288 965 4362 abrege
976 4284 1119 4361 jusque-lh
1130 4293 1323 4361 puruouz

812 4532 844 4567 Ι
