2926 4980
203 413 263 472 290
478 406 664 468 HISTORIA
686 406 991 468 nccttsttsttct.

340 525 428 597 Cujus
439 525 502 582 heri
514 525 593 599 gleba
604 524 757 582 Cruiandia
769 523 872 598 gaudet
884 542 1001 598 aquosa3

343 614 450 683 Quam,
465 613 533 667 dum
546 612 668 682 vivebat,
679 612 757 669 valde
770 624 929 669 reverenter
942 612 1060 667 amabat.

341 702 526 777 Omnipotens
535 704 632 759 anime
645 701 830 783 requiemdet
841 703 870 757 in
882 702 992 757 aetheris
1004 701 1083 756 arce!

202 850 273 920 Pro
300 847 552 922 intersectione
576 845 738 918 Guallevi
762 845 904 919 comitis
929 842 1143 916 Guillelmus
1164 868 1270 917 rere

201 965 325 1038 multis
348 963 583 1064 reprehensus
600 979 675 1052 est,
695 980 732 1037 et
751 964 875 1036 multis
894 979 1022 1039 contra
1042 988 1127 1036 eum
1151 963 1270 1037 insur-

200 1079 369 1181 gentibus
376 1083 475 1179 justo
488 1079 552 1153 Dei
560 1079 699 1177 judicio
710 1078 823 1151 multa
836 1078 980 1151 adversa
993 1103 1181 1177 perpessus
1194 1093 1266 1167 est,

199 1224 267 1272 nee
292 1224 453 1298 unquam
476 1213 600 1295 postea
626 1197 796 1269 diuturna
822 1222 907 1328 pace
935 1197 1071 1294 potitus
1098 1210 1165 1269 est.
1194 1197 1269 1296 lpse

198 1313 344 1415 quidem
365 1328 491 1387 contra
510 1339 635 1387 omnes
657 1313 764 1413 (quia
786 1313 973 1386 animosus
997 1314 1095 1410 erat)
1116 1314 1269 1387 viriiiter

199 1432 351 1520 restitit,
377 1432 438 1505 sed
463 1430 643 1530 prosperis
667 1426 855 1503 eventibus
878 1430 923 1503 ad
946 1445 1072 1505 votnm
1101 1446 1143 1503 ut
1166 1447 1267 1504 antea

197 1573 272 1623 non
291 1547 520 1646 tripudiavit,
541 1572 608 1621 nec
625 1544 760 1618 crebris
777 1547 1013 1619 victoriarum
1030 1546 1148 1619 titulis
1164 1546 1268 1621 exul-

199 1663 302 1736 tavit.
328 1664 370 1737 ln
398 1662 568 1737 tredecim
596 1663 719 1750 annis,
746 1662 878 1761 quibus
896 1661 1265 1761 postmodum„vixit,

141 1846 147 1855 .
196 1794 418 1852 armatorum
439 1779 552 1852 aciem
573 1778 617 1852 de
639 1805 766 1877 campo
787 1804 863 1852 non
887 1780 1043 1880 fugavit,
1068 1806 1137 1855 nec
1160 1781 1267 1880 oppi-

196 1893 285 1967 dum
303 1893 470 1969 obsidens
486 1893 613 1967 bellica
631 1895 766 1968 virtute
784 1897 891 1994 cepit.
910 1896 1151 1995 Omnipotens
1168 1895 1266 1971 arbi·

195 2027 252 2087 ter
269 2014 392 2087 omnia
407 2017 504 2112 juste
520 2012 699 2111 disponit,
718 2013 933 2112 nullumque
949 2011 1087 2086 facinus
1104 2014 1265 2112 impuni-

195 2144 274 2203 tum
294 2130 491 2230 relinquit,
515 2130 601 2229 quia
623 2128 682 2202 hie
698 2145 760 2202 aut
782 2130 820 2205 in
838 2129 966 2203 futuro
984 2130 1119 2205 saeculo
1143 2131 1265 2209 omnic

194 2247 316 2345 punit.

244 2363 362 2438 XVII.
379 2364 520 2463 [¹⁰75·]
537 2362 752 2437 Guillelmus
764 2389 841 2452 rex,
855 2365 1003 2462 cupiens
1016 2363 1105 2439 fines
1118 2391 1205 2441 suos
1216 2366 1264 2441 di·

195 2481 328 2570 latare,
348 2479 488 2579 sibique
506 2482 692 2571 Britones,
710 2496 751 2551 nt
767 2477 834 2550 sibi
851 2478 1140 2556 obsecundarent
1159 2484 1264 2580 (sicut

196 2596 285 2669 olim
296 2594 443 2671 Rolioni
456 2594 710 2683 etWiilermo,
723 2594 872 2693 aliisque
885 2592 1037 2666 ducibus
1049 2594 1265 2671 Normanni·

197 2711 247 2782 cis
264 2711 494 2809 servierant),
508 2709 632 2784 volens
645 2707 846 2809 subjugare,
860 2735 942 2781 eum
956 2710 1091 2810 ingenti
1104 2713 1264 2787 exercitu

197 2823 1264 2925 Delcnseoppidumobsedit,multisquetenoribusetminis

197 2943 1264 3035 castrensesterruit,necseindedisccssurum,nisimunitio
1294 3028 1298 3038 ,

197 3083 280 3130 nem
294 3056 494 3145 obtineret,
509 3084 592 3129 cum
599 3061 807 3157 juramento
818 3059 980 3133 asseruit.
995 3060 1159 3162 Denique
1172 3079 1264 3135 nutu

196 3175 261 3250 Dei
283 3176 438 3275 regentis
455 3177 578 3249 omnia
594 3201 651 3248 res
667 3176 771 3250 aliter
788 3178 920 3253 evenit.
945 3177 1037 3251 Nam
1054 3179 1263 3278 saepedictns

197 3320 259 3365 rex
268 3346 279 3382 ,
294 3292 432 3365 durnin
449 3293 614 3365 tentoriis
629 3293 701 3364 suis
713 3291 865 3391 superbe
877 3309 1094 3382 moraretur,
1111 3310 1148 3368 et
1161 3297 1200 3368 in
1213 3296 1263 3371 di·

197 3410 292 3481 vitiis
306 3411 377 3481 suis
390 3425 431 3481 ut
447 3425 575 3508 potens
590 3408 821 3517 gloriaretur,
835 3408 1017 3482 Alannum
1033 3411 1263 3513 Fergannnm

198 3529 368 3600 comitem
381 3527 580 3599 Britannice
593 3552 676 3598 cum
688 3527 813 3598 multis
825 3543 1046 3600 armatorum
1060 3529 1262 3628 agminibus

197 3642 377 3740 suppetias
390 3641 538 3714 obsessis
552 3666 745 3740 properare
759 3641 911 3730 audivit,
928 3641 1159 3743 territusque,
1180 3671 1261 3718 cum

199 3755 454 3845 castrensibus,
466 3758 528 3857 qui
542 3755 584 3830 de
597 3758 730 3832 auxilie
744 3758 811 3832 sibi
825 3757 1028 3831 advenienti
1041 3758 1133 3832 nihil
1147 3761 1262 3837 adbuc

198 4010 307 4065 auteur,
321 3999 370 4072 qui
384 3997 475 4052 devait
491 3997 585 4052 l’avoiv
601 4000 622 4052 si
639 4001 765 4071 presente
778 4001 793 4050 t
806 3998 831 4052 ia
849 3998 995 4068 memoire,
1014 4001 1133 4074 puisque
1144 4019 1190 4056 ces
1202 4018 1259 4057 ren

199 4100 261 4143 sont
274 4107 322 4143 son
336 4105 469 4160 (nisime,
485 4107 501 4140 a
514 4106 552 4159 pn
567 4089 603 4160 s’y
619 4099 742 4160 tromper
753 4086 885 4160 quelques
900 4106 981 4161 peges
995 4087 1056 4161 plus
1071 4090 1150 4146 itant.
1166 4091 1258 4162 Voyet

198 4179 347 4241 cidessus,
364 4197 391 4249 p.
407 4177 466 4250 stip.
