2926 4980
203 415 312 493 [tots]
578 410 693 473 mom
715 410 907 488 orsurus.
1209 419 1269 478 est

203 549 351 633 ceptum
368 532 461 632 regis
480 531 714 631 impedirent,
738 547 868 606 ettam
883 528 999 605 nobili
1021 534 1270 630 compatriote

202 674 271 723 suo
297 647 530 748 suffragantes
553 649 670 748 regios
698 649 843 722 lictores
868 647 1123 722 trucidarent:
1152 648 1273 749 Surge

204 766 407 866 (inquiunt
429 778 614 864 prostrato
640 766 806 862 comiti),
829 781 867 837 ut
887 767 1004 837 nostri
1026 765 1271 865 compleamus

196 887 348 985 jussum
364 884 517 956 domini.
538 881 678 976 Quibus
695 883 755 957 ille
774 884 825 956 ait
843 914 852 953 ε
873 881 1073 984 Paulisper
1083 900 1272 984 expectate

195 1014 353 1104 propter
390 1001 644 1101 omnipotentis
678 999 752 1072 Dei
786 998 1036 1089 clementiam,
1067 999 1198 1073 saltem
1233 1017 1271 1073 ut

201 1115 329 1189 dicum
348 1141 418 1216 pro
438 1140 494 1188 me
516 1130 550 1188 et
567 1141 637 1217 pm
661 1115 766 1188 uobis
795 1114 1006 1188 Orationem
1021 1115 1267 1189 Dominicam·

201 1230 279 1304 lllis
297 1247 416 1305 autem
436 1229 731 1330 permittentibus
753 1233 930 1323 surrexit,
952 1248 989 1305 et
1007 1229 1108 1305 llexis
1128 1247 1270 1305 tantum

199 1347 377 1448 genibus,
394 1348 578 1448 oculisque
595 1349 633 1421 iu
651 1348 785 1422 coelum
804 1348 884 1423 fixis
904 1365 940 1423 et
956 1347 1121 1422 munibus
1139 1351 1269 1439 tensis,

200 1466 319 1537 Pater
341 1482 462 1537 noster
483 1468 549 1564 qui
574 1492 612 1537 es
638 1468 677 1536 in
700 1465 823 1556 coelis,
851 1466 968 1565 palam
997 1464 1115 1540 dicere
1140 1468 1266 1565 coepit.

200 1578 367 1679 Cumque
382 1578 427 1651 ad
443 1594 644 1653 extremum
666 1581 862 1680 capitulum
878 1580 1096 1678 pervenisset
1105 1633 1117 1670 ,
1142 1596 1179 1654 et
1195 1613 1203 1652 :
1225 1609 1270 1655 ne

200 1720 271 1767 uos
292 1695 447 1769 inducas
465 1699 504 1769 in
522 1699 755 1771 tentationem
769 1696 933 1786 dixisset,
956 1696 1083 1773 uberes
1099 1698 1268 1800 lacrymae

201 1837 286 1883 cum
302 1811 433 1909 ejulatu
452 1827 720 1913 proruperunt,
747 1816 936 1915 ipsumque
951 1840 1073 1913 preces
1093 1818 1269 1917 incoeptus

200 1927 416 2003 concludere
432 1955 509 2003 non
523 1933 780 2028 permiserunt.
796 1931 965 2006 Carnifex
981 1948 1101 2008 autem
1118 1935 1269 2008 ulterius

200 2047 400 2145 praestolari
431 2048 569 2136 noluit,
599 2047 658 2121 sed
683 2073 768 2122 mox
793 2064 961 2148 exempto
982 2048 1101 2149 gladio
1122 2051 1269 2126 sortiter

199 2160 333 2234 feriens
358 2176 465 2259 caput
490 2164 631 2236 comitis
656 2165 867 2262 amputavit.
886 2166 1002 2239 Porro
1019 2181 1145 2266 caput,
1167 2184 1269 2266 post-

197 2304 310 2378 quem
330 2295 544 2377 praesectum
565 2280 657 2367 fuit,
677 2282 818 2352 cunctis
839 2282 902 2380 qui
923 2280 1071 2355 aderent
1090 2283 1268 2358 audienti-

199 2392 288 2484 bus,
307 2396 453 2469 claruet
475 2397 660 2470 articulate
678 2421 765 2470 voce
781 2396 873 2469 dixit
891 2427 900 2468 ε
921 2397 999 2471 Sed
1021 2398 1135 2473 libera
1154 2426 1221 2474 nos
1242 2428 1267 2474 a

200 2509 312 2583 molo.
329 2515 460 2583 Amen.
482 2512 539 2584 Sic
557 2511 749 2585 Guallevus
765 2536 884 2586 comes
900 2512 995 2611 apud
1012 2514 1192 2589 Gneutsm
1209 2540 1267 2589 se-

199 2625 321 2700 cundo
338 2628 408 2699 kal.
429 2629 512 2700 maii
534 2654 638 2703 moue
655 2628 851 2703 decollatus
870 2645 942 2717 est,
969 2629 1091 2731 ibique
1110 2633 1147 2706 in
1173 2632 1266 2707 fossa

199 2769 331 2843 corpus
355 2748 429 2843 ejus
454 2745 574 2818 viliter
603 2750 805 2845 projectum
831 2761 906 2835 est,
939 2763 976 2821 et
1001 2747 1106 2821 viridi
1134 2751 1266 2850 cespite

199 2858 413 2934 festinanter
428 2878 641 2961 coopertum
654 2876 720 2936 est.
738 2861 986 2963 Expergefacti
1000 2864 1092 2938 cives
1106 2890 1266 2965 comper-

200 2978 248 3051 tis
262 2978 472 3053 rumoribus
485 2980 585 3053 valde
598 2981 802 3054 contristati
816 2996 919 3068 suut,
933 2983 1075 3083 virique
1091 3009 1174 3056 cum
1187 3012 1265 3058 mu·

199 3095 348 3170 lieribus
375 3098 557 3195 ingentem
575 3099 761 3196 planctum
776 3096 822 3173 de
843 3124 925 3171 cusu
941 3100 1104 3175 Guullevi
1122 3103 1265 3176 comitis

198 3225 363 3309 egerunt.
388 3213 473 3284 Post
497 3210 705 3312 quindecim
727 3214 801 3286 dies
822 3229 949 3313 rogatu
972 3213 1096 3288 Judith
1117 3232 1153 3289 et
1178 3243 1264 3315 per-

197 3327 307 3399 missu
329 3330 442 3428 regis,
460 3328 661 3410 Ulllxetelus
682 3329 933 3405 Crulandensis
955 3330 1062 3406 abbas
1085 3336 1203 3422 venit,
1227 3350 1264 3408 et

198 3442 345 3517 cadaver
367 3443 482 3544 (quod
502 3444 617 3518 adhuc
639 3447 821 3547 integrum
847 3474 930 3520 cum
952 3451 1088 3523 recenti
1111 3475 1260 3539 cruore,

195 3584 238 3633 ae
251 3560 279 3631 si
294 3575 383 3632 tunc
400 3559 494 3634 idem
505 3563 562 3634 vir
575 3561 733 3651 obiisset,
750 3568 839 3662 erat)
853 3566 1010 3655 sustulit,
1026 3569 1116 3639 acin
1130 3592 1262 3640 coeno-

194 3672 299 3749 bium
309 3676 548 3753 crulandense
557 3706 640 3752 cum
652 3706 783 3780 magno
794 3681 896 3755 luctu
907 3681 1107 3756 multorum
1115 3684 1260 3777 detulit,

192 3794 284 3866 etin
303 3795 461 3891 capitulo
477 3797 735 3870 monachorum
759 3816 966 3873 reverenter
983 3801 1145 3900 sepelivit
1163 3804 1179 3901 (
1204 3806 1233 3899 )

227 4005 394 4076 (1)Voyez‚
417 4024 464 4060 sur
483 4006 509 4060 le
527 4017 649 4060 meur-tre
672 4005 710 4059 du
731 4017 821 4061 comte
841 4006 1000 4071 Waltheos,
1021 4007 1069 4081 qui
1090 4017 1138 4061 eut
1159 4006 1215 4062 lieu
1234 4007 1260 4061 le

193 4093 223 4150 31
240 4096 295 4150 mai
313 4106 341 4150 et
358 4113 413 4149 non
428 4115 476 4168 pas
491 4095 516 4151 le
531 4094 565 4150 50
582 4095 648 4150 avril
668 4095 749 4170 1075,
766 4095 900 4151 l'histoire
912 4096 1093 4169 d'lugulphe,
1109 4108 1138 4152 et
1152 4097 1177 4152 le
1190 4098 1260 4152 re'cit

193 4184 306 4239 intitule'
325 4210 330 4237 ι
353 4186 418 4238 Vita
435 4196 461 4239 et
478 4189 572 4256 passio
590 4185 718 4240 Waldevt'
732 4190 847 4241 comitis.
863 4188 873 4257 (
882 4187 1053 4259 Gbrcuiques
1071 4188 1260 4260 AegioNor·

193 4275 327 4340 mundes,
343 4286 364 4330 t.
380 4294 415 4342 u;
432 4275 543 4345 Rouen,
560 4275 660 4342 Fcere,
677 4273 766 4347 1836.)
