2910 4980
554 408 671 471 blBEll
692 405 886 486 QUARTUS.
978 421 981 424 ’
1197 417 1258 476 207

189 545 246 606 tot
263 529 431 631 procellis
447 529 601 627 agitatus
617 547 669 603 est
678 583 690 618 ,
712 546 749 603 et
762 530 934 630 luporum
948 529 1117 603 dentibus
1134 548 1259 633 patens

189 648 296 731 variis
312 646 428 720 modis
445 644 674 720 horribiliter
689 646 880 720 dilaniatus
895 662 961 721 est.

240 761 454 861 [596735]
479 760 659 833 Prolixam
678 761 956 860 digressionem,
977 763 1038 836 sed
1059 763 1128 835 nisi
1152 762 1263 838 fallor.

188 906 265 954 non
281 878 448 951 inutilem
461 876 651 976 protelavi,
666 892 702 950 et
713 877 757 952 de
771 878 897 977 priscis
911 877 1099 952 annalibus
1111 881 1258 955 collecta

189 995 371 1082 renerum,
385 1008 426 1064 ut
438 992 734 1067 causamanifeste
744 995 1032 1091 pateatstutlioso
1042 995 1182 1087 lectori,
1194 1023 1260 1070 cur
1320 985 1322 987 ¹
1379 991 1382 998 ’

188 1112 325 1212 Anglos
332 1127 486 1210 agrestes
493 1126 626 1208 etpene
635 1110 1259 1199 illiteratosinuenerintNormanni‚

190 1229 380 1330 quosolim
389 1227 536 1327 optimis
547 1225 837 1301 institutionibus
846 1225 997 1300 solerter
1009 1220 1261 1305 iristrurrerurrt

188 1346 382 1447 pontifices
396 1345 565 1419 Romani.
582 1345 778 1446 Gregorius
794 1347 891 1418 enim
907 1363 942 1418 et
957 1346 1169 1422 Bonelrcius
1186 1353 1259 1424 exi·

191 1462 284 1535 mios
295 1461 463 1534 doctores
470 1485 552 1533 cum
563 1457 665 1531 libris
678 1476 715 1534 et
723 1459 894 1533 omnibus
902 1460 1261 1539 ecelesiasticisuten-

191 1576 449 1677 silibusAnglis
463 1576 657 1664 miserunt,
672 1592 765 1648 aeut
778 1577 976 1651 carissimos
991 1579 1084 1651 lilios
1097 1581 1140 1653 ad
1152 1606 1261 1655 omne

192 1695 333 1773 bonum
350 1693 541 1768 educantes
556 1692 783 1768 erudierunt.
804 1693 941 1768 Deinde
953 1694 1152 1770 Vitalianus
1172 1726 1261 1799 papa

193 1830 357 1914 tempore
374 1811 469 1886 0svii
493 1828 529 1885 et
550 1808 697 1911 Rgberti
718 1838 844 1910 regum
867 1813 1144 1911 sapientissimos
1166 1818 1262 1889 viros

192 1927 428 2003 Theodorum
444 1924 753 2026 archiepiscopum
769 1943 805 1999 et
820 1924 1024 2001 Adrianum
1037 1927 1205 2003 abbatem
1224 1933 1262 2004 in

192 2046 359 2147 Angliam
384 2045 503 2133 misit3
536 2069 694 2143 quorum
718 2043 846 2142 peritia
873 2044 1064 2143 studioque
1090 2045 1263 2145 Anglieus

193 2165 310 2239 clerus
327 2178 401 2234 tam
422 2162 529 2234 latina
549 2186 656 2260 quam
674 2186 789 2258 graeca
812 2160 1016 2235 eruditione
1036 2162 1170 2234 affatim
1192 2165 1263 2236 im-

192 2281 304 2372 batus
313 2277 664 2377 mirabiliterviguit
674 2278 909 2376 Hissequenti
920 2295 1083 2377 tempore
1092 2279 1263 2354 florentes

192 2398 348 2481 Albinus
363 2394 470 2468 abbas
485 2412 522 2470 et
538 2394 721 2469 Aldelmus
737 2394 870 2492 praesul
886 2412 1150 2491 successerunt,
1171 2425 1263 2500 quo-

192 2542 276 2589 rum
295 2514 440 2587 solertia
451 2527 493 2587 et
508 2511 636 2625 {eligio
652 2509 787 2584 multos
804 2510 1008 2601 docuerunt
1018 2566 1029 2601 ,
1049 2515 1263 2616 scriptisque
1364 2559 1386 2567 „„

193 2629 382 2706 laudabilia
396 2629 574 2701 virtutum
582 2653 729 2705 suarum
739 2627 965 2701 monimenta
979 2630 1179 2729 posteritati
1191 2635 1264 2705 effi-

191 2749 393 2849 giaverunt.
414 2746 488 2818 llos
504 2768 630 2816 omnes
647 2758 683 2816 et
705 2742 827 2842 plures
850 2743 938 2817 alios
959 2746 1144 2844 perspicax
1169 2748 1262 2821 Beda

193 2863 358 2941 laudibus
369 2862 512 2950 extulit,
525 2875 561 2934 et
574 2860 739 2960 indagine
749 2859 951 2933 liberalium
963 2862 1095 2935 artium
1100 2916 1111 2952 ,
1123 2889 1264 2938 rerum-

193 3006 263 3081 que
282 2994 500 3055 secretarum
516 2974 685 3074 perfectis
704 2976 919 3075 aequiparari
941 2974 1131 3051 laboravit.
1154 2981 1263 3053 Salu-

196 3094 345 3170 tiferum
375 3118 504 3194 panem
532 3091 672 3165 Veteris
703 3105 739 3163 et
767 3089 860 3164 Novi
893 3092 1113 3166 Testamenti
1142 3099 1265 3194 pueris

196 3210 365 3286 Ecclesiae
381 3206 611 3283 dilucidando
630 3205 827 3306 confregit,
846 3206 965 3280 abdita
981 3211 1019 3281 in
1039 3211 1264 3309 explanatio-

197 3352 286 3400 num
307 3323 410 3398 libris
433 3322 513 3423 plus
536 3347 642 3421 quam
662 3347 710 3393 cx
732 3323 901 3395 reseravit
912 3376 923 3412 ‚
948 3338 985 3398 et
1006 3324 1056 3396 sic
1074 3339 1147 3398 tam
1168 3332 1264 3427 apud

198 3469 279 3520 suos
305 3467 415 3543 quam
441 3437 535 3540 apud
562 3453 703 3511 exteros
732 3465 925 3537 perennem
956 3438 1023 3510 sibi
1053 3445 1265 3516 memoriam

198 3559 431 3661 promeruit(
458 3558 488 3655 )

231 3910 241 3979 (
248 3911 270 3978 ι)
288 3908 343 3962 Sur
353 3905 392 3959 les
406 3902 539 3976 premiere
551 3899 661 3972 apbtres
673 3896 708 3951 de
722 3895 905 3969 l'Angleterre
918 3901 1035 3970 envoyes
1045 3917 1096 3972 par
1108 3901 1181 3956 saint
1192 3903 1265 3958 Gra.

201 3998 291 4071 goire,
306 4012 388 4066 voyre
402 3990 550 4055 cidessus,
562 4005 585 4054 1,
601 4005 629 4058 p.
649 3983 709 4040 135.
723 3987 760 4039 ba
774 3985 889 4039 mirsion
898 3984 933 4039 de
945 3985 1043 4041 Paulin
1058 3987 1124 4042 cbez
1138 3989 1177 4044 les
1190 3991 1262 4046 Nor-

200 4085 345 4142 tbumbres
354 4093 403 4139 eut
415 4082 473 4136 lieu
481 4099 517 4134 en
528 4075 596 4146 625,
609 4087 638 4131 et
651 4075 712 4132 leur
724 4076 766 4130 roi
780 4075 880 4130 Edwin
892 4075 936 4130 fut
949 4075 1056 4150 baptist
1068 4096 1104 4133 en
1116 4077 1183 4154 6275
1198 4083 1266 4138 cette

200 4178 233 4234 de
250 4176 400 4233 Theodora
412 4183 442 4228 et
460 4169 595 4227 d’Adriea
609 4186 644 4223 eu
658 4165 720 4223 668.
737 4164 823 4223 Albin
838 4165 954 4223 succede
971 4170 986 4222 'a
1006 4168 1112 4224 Adrieu
1128 4169 1197 4226 dans
1215 4191 1266 4228 son
