2910 4980
558 331 676 395 mutu
697 332 893 409 QUARTUS.
1198 340 1259 399 253

189 448 338 533 dicitur,
355 448 494 547 nupsit;
509 473 593 548 quae
605 450 737 522 marito
751 475 816 525 suo
838 466 911 524 tres
922 449 1076 539 liberos,
1091 450 1259 527 Goisber·

192 584 290 655 tum,
308 565 448 641 Heliam
464 582 502 640 et
515 564 801 667 Enocb'pepe'rit
814 568 884 666 (1).

238 681 493 783 [1060-1067.]
500 681 877 758 DefunctoGoisfredo
884 684 1050 761 Marteilo
1059 684 1258 761 fortissimo

191 797 467 900 Andegavorum
480 801 630 899 comite,
648 818 893 875 successerunt
909 828 953 876 ex
969 825 1094 876 sorore
1106 801 1179 876 duo
1196 829 1257 876 ne-

191 918 388 1014 potescjus,
401 913 630 990 filiiAlberici
639 915 1088 1007 comitisWastinensium,
1098 917 1257 1019 equibus

191 1029 402 1105 Goisfredus
410 1032 487 1132 (qui
499 1032 650 1131 simplex
658 1047 694 1105 et
701 1031 1068 1107 tractabilismoribus
1076 1037 1170 1130 erat)
1173 1037 1257 1132 jure

192 1147 424 1249 primogeniti
450 1148 613 1223 obtinuit
629 1149 886 1249 principatum.
907 1147 1121 1226 Guillelmus
1138 1165 1256 1224 autem

191 1264 490 1339 Normannorum
506 1266 673 1367 princeps
694 1282 947 1365 postmortem
967 1265 1134 1340 Herberti
1151 1270 1259 1365 juve-

192 1382 247 1455 nis
273 1381 520 1456 boereditatem
542 1387 617 1482 ejus
640 1382 824 1471 obtinuit,
851 1400 887 1456 et
909 1382 1117 1456 Goisfredus
1139 1407 1258 1455 comes
1376 1443 1380 1451 .

191 1497 380 1576 dadberto
397 1501 522 1599 juveni
549 1526 633 1573 cum
656 1500 729 1572 filia
750 1497 919 1574 Herberti
941 1514 1060 1573 totum
1081 1497 1258 1573 honorem

192 1616 381 1706 noncessit,
395 1634 432 1691 et
446 1616 662 1704 hominium,
674 1616 904 1719 debitamque
917 1615 1125 1690 fidelitatem
1135 1614 1180 1688 ab
1195 1616 1258 1687 illo

193 1732 446 1832 inpraesentia
474 1737 587 1834 patris
616 1734 709 1833 apud
736 1734 972 1808 Alencionem
997 1734 1145 1833 recepit.
1175 1735 1256 1807 Nou

192 1849 311 1927 multo
327 1867 408 1950 post
425 1853 536 1927 Fulco
559 1868 803 1952 cognomento
819 1851 994 1925 Richinus
1011 1868 1137 1925 eontra
1152 1853 1259 1925 Gois-

191 1963 1095 2067 fredumfratrem,dominumquesuumrebellavit,
1105 1993 1259 2066 eumque

191 2081 510 2181 perproditiouem
524 2081 811 2181 comprehendit,
821 2097 858 2155 et
866 2081 946 2180 plus
956 2106 1062 2182 quam
1073 2083 1258 2153 mannis

193 2196 230 2269 in
244 2222 387 2272 carcere
404 2197 579 2275 Cbiuouis
592 2201 698 2272 castri
712 2199 872 2272 clausum
886 2199 1004 2271 tenuit
1018 2199 1089 2296 (a).
1103 2200 1144 2270 ln
1159 2213 1258 2270 tauta

191 2316 459 2412 permutatione
480 2343 538 2390 res
559 2316 751 2390 mundanae
775 2317 813 2387 iu
837 2314 1081 2414 Audegavensi
1103 2315 1257 2413 proriu-

192 2431 245 2503 cia
271 2433 371 2505 etin
399 2432 565 2506 confiniis
597 2436 671 2530 ejus
702 2432 860 2505 turbatae
885 2446 992 2520 sunt,
1024 2446 1061 2503 et
1092 2455 1258 2528 proceres

191 2549 320 2647 patriae
348 2549 391 2621 ad
420 2549 555 2623 diversa
583 2550 721 2637 studia,
757 2565 868 2648 prout
899 2573 1080 2648 quemque
1112 2547 1259 2647 propria

191 2665 359 2741 voluutas
379 2666 553 2767 agitabat,
581 2669 743 2742 conversi
768 2684 865 2740 suut.

238 2784 400 2859 Fulcoue
412 2786 567 2857 nimium
577 2800 712 2858 moesto
727 2784 827 2885 quod
842 2784 1043 2858 Normanni
1060 2781 1260 2856 Cenoman-

194 2900 284 2972 nicis
301 2900 536 2999 imperarent,
552 2914 589 2972 et
606 2900 834 2974 consulatum
850 2900 903 3001 sui
921 2898 1012 2997 juris
1031 2897 1095 2971 ilio
1111 2896 1260 2971 uolente

195 3015 440 3114 possiderent,
458 3016 615 3090 seditiosi
634 3018 727 3091 cives
744 3032 781 3090 et
793 3015 965 3115 oppidani
979 3014 1159 3103 confines,
1180 3040 1259 3114 gre-

229 3272 269 3338 (ι)
287 3268 447 3338 Gersende,
465 3273 581 3337 semme,
604 3291 640 3327 eu
654 3271 786 3326 recondes
807 3289 906 3336 noces,
928 3269 1063 3338 d'Azzou,
1083 3269 1207 3342 marquis
1226 3268 1262 3322 dc

197 3356 323 3432 ligurie,
338 3361 433 3415 n'ttait
444 3362 524 3434 point
536 3360 592 3417 fine
605 3361 640 3416 de
653 3363 769 3435 Hugues
782 3361 827 3427 II,
842 3361 911 3415 mais
930 3376 957 3413 sa
975 3376 1058 3414 soeur.
1072 3358 1150 3413 Nous
1161 3375 1198 3413 eu
1210 3355 1260 3410 de-

197 3464 262 3503 rona
274 3447 338 3503 dire
354 3458 451 3504 autent
461 3448 497 3504 de
510 3450 596 3506 Paule
612 3467 650 3504 ou
668 3449 810 3523 Haberge,
833 3450 909 3503 mere
929 3458 958 3501 et
976 3465 1034 3501 non
1050 3464 1098 3520 pas
1110 3446 1212 3500 semme
1226 3443 1262 3499 de

196 3537 278 3605 Jeau,
289 3538 419 3611 seigneur
427 3537 463 3593 de
473 3538 500 3594 la
511 3538 626 3608 Fleche,
641 3538 714 3594 dela
726 3537 830 3593 familie
842 3537 891 3593 des
900 3538 1043 3609 seigneurs
1052 3535 1087 3590 de
1097 3536 1260 3609 Beaugenci.

197 3626 276 3683 Noua
287 3645 324 3682 ne
336 3628 511 3685 connaiasons
525 3627 647 3683 d'autrea
659 3628 767 3683 eusants
779 3631 795 3681 a
807 3646 838 3682 cc
850 3626 971 3695 dernier,
986 3613 1106 3700 qu’Elic,
1120 3642 1175 3699 que
1192 3642 1263 3679 nous

198 3734 343 3774 rever-rous
352 3717 414 3792 plus
426 3718 498 3774 tard.
512 3719 566 3775 Sur
578 3718 705 3793 l’epoque
719 3719 754 3774 de
769 3719 796 3773 la
807 3729 881 3773 mort
893 3716 1041 3774 d’Herbert
1057 3717 1085 3771 ΙΙ
1099 3726 1127 3772 et
1140 3715 1175 3770 de
1187 3717 1262 3771 Mar-

199 3809 323 3882 guerite,
343 3825 371 3864 aa
392 3825 474 3878 soeur,
492 3809 595 3865 {lancee
611 3812 628 3864 a
647 3808 992 3876 Robert-Courte-Heuse,
1014 3826 1095 3880 voyez
1115 3805 1261 3873 cidessus,

197 3900 216 3954 l.
226 3916 269 3966 ιιι,
279 3918 308 3972 p.
322 3917 367 3954 ιοι
381 3911 410 3955 et
421 3904 483 3967 104,
493 3902 530 3954 ou
538 3899 659 3956 Orderic
667 3899 744 3956 Vital
756 3902 910 3973 presentet
921 3910 979 3954 tort
990 3897 1262 3975 Herbcrtllcomme

199 3987 241 4044 tl·
252 3975 637 4056 d'Hcrbert-Ereilledlhien,
647 3988 737 4043 tandis
746 3989 830 4061 qu’ici
845 3988 864 4043 il
878 3987 970 4044 admet
982 3988 1043 4042 leur
1056 3983 1262 4041 intermediaire

199 4080 315 4152 Huguee
328 4079 365 4134 11.

235 4173 273 4241 (a)
292 4170 385 4241 Voyez
401 4169 547 4239 cidessus,
562 4170 580 4224 l.
597 4188 638 4238 ιιι,
656 4188 725 4244 page
738 4187 782 4244 92.
