2926 4980
193 416 303 493 [1066]
576 414 693 475 LIBER
713 413 890 475 TERTIUS.
1207 421 1265 480 127

193 531 333 607 turbati
343 530 488 604 fuerant
498 531 537 603 in
545 536 622 630 ejus
635 532 821 606 electione.
833 532 931 605 Duos
941 533 1038 606 enim
1050 534 1262 628 monachos,

192 650 260 752 qui
294 647 488 748 religione,
516 650 728 749 geminaque
765 648 911 722 scientia
935 647 1142 747 pollebant,
1178 653 1266 724 Rai-

192 767 342 841 naldum
366 765 502 839 scilicet
530 764 574 839 de
590 768 713 864 Rupe,
742 782 786 839 et=
801 765 998 839 Falconem
1021 765 1071 838 dc·
1092 768 1266 842 Warlen-

193 883 281 957 villa
296 884 354 981 (1)
381 881 423 954 ad
450 883 504 954 sui
530 883 686 982 regimen
715 882 912 981 elegerant,
943 882 1094 982 ideoque
1124 880 1170 955 ab
1200 910 1262 974 eo,

193 999 260 1100 qui
279 1023 346 1097 per
363 996 574 1095 pontificem
591 1012 627 1070 et
643 997 780 1069 vicinos
806 996 882 1068 sine
909 995 1059 1070 illorum
1089 1022 1264 1072 consensu

195 1112 475 1214 preferebatur,
486 1104 562 1187 non
580 1112 763 1186 modicum
776 1112 1009 1187 desciverant.
1024 1114 1124 1213 Saepe
1141 1116 1176 1186 in
1192 1113 1264 1188 hu-

192 1230 350 1330 jusmodi
376 1231 523 1330 negotio
549 1257 613 1329 per
636 1231 830 1306 deteriores
855 1231 943 1304 oriri
974 1231 1064 1305 solet
1090 1231 1263 1307 turbatio.

196 1348 291 1423 Nam
305 1348 394 1421 dum
409 1347 567 1447 improbi
583 1376 682 1421 suam
703 1349 881 1423 violenter
896 1374 1109 1448 praeponere
1125 1366 1266 1424 senten-

199 1466 287 1539 tiam
312 1465 502 1554 nituntur,
521 1465 693 1565 regularis
719 1463 832 1555 ordo,
858 1465 1046 1564 saniusque
1075 1467 1266 1539 consilium

197 1581 383 1653 multoties
399 1581 660 1679 impediuntur.
679 1581 916 1679 Omnipotens
931 1606 1018 1654 vero
1033 1580 1126 1653 Deus
1139 1581 1266 1655 Eccle-

199 1697 289 1769 siam
305 1722 406 1769 suam
427 1696 465 1767 in
485 1697 585 1770 omni
609 1723 771 1795 pressura
789 1711 958 1796 potenter
968 1696 1144 1798 protegit,
1161 1713 1197 1770 ct
1208 1724 1264 1771 er-

199 1827 321 1887 rantes
336 1812 509 1911 corrigit,
529 1839 569 1885 ac
585 1815 822 1887 necessarium
844 1813 1000 1887 solamen
1020 1816 1113 1887 sicut
1129 1816 1208 1888 vult
1229 1832 1266 1889 et

199 1953 267 2028 per
293 1953 385 2027 quos
400 1927 480 2001 vult
500 1928 694 2023 clementer
709 1929 875 2029 porrigit.
900 1930 986 2026 Ejus
1007 1921 1125 2030 itaque
1142 1933 1268 2028 provi-

200 2045 322 2119 dentia
335 2045 527 2144 praefatum
546 2047 761 2119 Mainerium
775 2048 832 2142 (ut
846 2062 967 2145 postea
981 2047 1119 2146 liquido
1137 2050 1266 2146 patuit)

200 2160 246 2235 ad
261 2159 538 2262 gubernandum
555 2163 722 2236 Uticense
739 2162 965 2250 coenobium,
983 2162 1081 2262 quo'd
1100 2165 1137 2235 in
1152 2165 1265 2237 sterili

201 2304 288 2351 rnre
303 2277 400 2350 inter
420 2279 655 2378 nequissimos
674 2279 927 2378 compatriotas
944 2279 1051 2350 situm
1069 2293 1162 2367 erat,
1180 2305 1266 2378 pro-

201 2395 333 2470 movit.
351 2397 438 2467 Erat
460 2396 557 2468 enim
581 2395 625 2468 de
642 2396 813 2495 contiguo
831 2393 996 2482 castello,
1014 2393 1110 2494 quod
1135 2392 1268 2467 dicitur

201 2511 439 2601 Esoelfoium,
457 2511 650 2597 oriundus,
669 2513 896 2611 grammatica
910 2565 921 2600 ,
936 2511 1117 2584 dialectica
1129 2527 1165 2585 et
1182 2511 1269 2587 rbe-

203 2629 318 2703 torica
335 2627 470 2699 affatim
485 2627 665 2714 imbutus,
682 2626 726 2700 ad
739 2628 925 2701 resecanda
941 2630 1026 2700 ritia
1044 2629 1155 2702 solers
1168 2646 1204 2704 et
1220 2656 1270 2703 se·

202 2746 329 2836 v'erus,
353 2748 397 2821 nd
420 2749 622 2822 inserendas
638 2763 675 2823 et
697 2748 909 2821 intimandas
928 2749 1101 2823 fratribus
1118 2752 1269 2825 virtutes

202 2863 374 2939 fervidus.
394 2863 613 2940 Observator
624 2866 813 2939 monastici
828 2864 964 2938 ordinis
981 2865 1158 2957 assiduus,
1175 2878 1269 2940 com·

203 2982 320 3055 missis
340 2979 406 3053 sibi
424 2983 519 3052 viam
542 2983 626 3053 vitae
645 2982 870 3055 monstrabat
888 2981 1006 3055 verbis
1023 2999 1060 3056 et
1076 2983 1268 3082 operibus,

203 3095 477 3196 multorumque
492 3095 535 3166 ad
548 3096 770 3195 operandum
788 3097 825 3168 in
838 3098 942 3170 vinea
955 3098 1101 3171 Domini
1114 3098 1271 3173 Sabaoth

205 3215 377 3288 incitator
393 3214 508 3286 sactus
521 3230 575 3288 est
590 3229 626 3288 et
643 3214 816 3312 praevius,
832 3224 1021 3315 comesque
1033 3214 1219 3288 sollicitus.

255 3331 324 3404 Hic
337 3331 450 3429 coepit
463 3358 593 3406 noram
606 3329 787 3404 basilicam
800 3333 838 3405 in
852 3330 990 3406 bonore
1003 3349 1134 3405 sanotae
1147 3334 1272 3407 Mariae

206 3448 332 3521 matris
348 3448 493 3520 Domini
518 3462 553 3521 et
572 3449 684 3521 saneti
701 3450 798 3522 Petri
817 3448 966 3548 apostoli
990 3476 1030 3527 ao
1048 3451 1160 3522 sancti
1181 3476 1269 3524 con-

206 3564 351 3639 fessoris
369 3563 534 3652 Ebrulfi,
555 3563 677 3665 ibique
690 3581 826 3664 septem
842 3564 964 3637 altaria
977 3579 1061 3636 sunt
1079 3563 1272 3641 inhonore

207 3696 416 3754 sanctorum
444 3696 648 3754 consecrata
668 3679 801 3753 divinae
825 3681 1011 3778 majestati.
1039 3681 1150 3755 Vetus
1173 3683 1272 3756 enim

207 3795 370 3890 eeclesia,
389 3822 497 3895 quam
515 3797 552 3869 S.
576 3794 763 3883 Ebrulfus,
780 3794 965 3895 Hilperico
985 3811 1021 3870 et
1043 3814 1175 3896 nepote
1197 3801 1271 3896 ejus

244 4078 283 4147 (1)
301 4075 513 4144 Guernauville‚
528 4079 591 4150 pres
600 4079 730 4134 Breteuil.
746 4080 839 4151 Voyez
849 4078 875 4133 le
887 4079 977 4135 meme
988 4097 1159 4153 personnage
1172 4080 1271 4136 cides-

212 4182 270 4233 ms,
286 4183 314 4238 p.
333 4165 389 4219 108.
912 4172 915 4179 '
