2926 4980
199 378 260 439 382
476 375 661 438 HISTORIA
682 374 984 439 ncctmlas‘tlcs.
1053 378 1263 456 [tow-tots]

198 495 247 566 ris
261 492 445 566 multoties
457 493 677 591 permiscuit.
692 492 939 586 Querimoniae
947 518 1036 567 vero
1046 495 1124 593 ejus
1136 522 1156 567 a
1168 496 1262 568 mui-

199 611 245 681 tis
256 608 413 682 libenter
423 607 673 696 audiebantur,
689 623 725 682 et
737 636 757 681 a
771 609 876 710 largis
888 608 1087 683 baronibus
1100 610 1132 683 ei
1149 611 1260 684 muita

198 753 349 801 munera
359 724 549 800 dabantur.
560 728 676 801 Porro
689 725 762 816 ille,
775 754 858 828 quae
868 725 914 799 ab
923 727 1045 799 amicis
1055 724 1259 802 liberalibus

197 841 242 914 ad
259 840 456 914 subsidium
473 843 526 914 sni
546 838 761 939 accipiebat,
784 839 1020 915 histrionibus
1041 854 1080 913 et
1099 842 1259 941 parasitis

198 985 238 1031 ac
258 956 505 1031 meretricibus
529 958 739 1056 insipienter
756 954 1011 1043 disnibuebat3
1035 955 1172 1056 quibus
1191 958 1258 1032 int-

198 1074 347 1174 provide
364 1073 562 1165 distructis,
582 1089 734 1175 egestate
755 1076 853 1176 gravi
872 1099 1095 1174 compressus
1116 1073 1258 1150 mendi·

199 1191 320 1281 cahat,
341 1206 377 1265 et
399 1217 446 1263 aes
462 1190 619 1263 alienum
637 1190 683 1262 ab
701 1190 858 1264 externis
879 1187 1166 1263 foeneratoribus
1181 1188 1256 1263 exul

198 1335 328 1410 egenus
344 1306 570 1408 quaeritabat.

247 1424 429 1498 Matbildis
445 1424 587 1524 regina,
610 1422 686 1498 filio
708 1437 870 1496 materna
886 1421 1108 1520 compatiens
1124 1446 1169 1494 ex
1185 1419 1257 1519 pic-

198 1559 293 1631 tate,
321 1543 482 1642 ingentes
506 1557 669 1640 sumptus
693 1541 771 1613 auri
794 1554 832 1614 et
854 1539 1016 1641 argenti,
1041 1538 1256 1639 aliarumque

199 1685 321 1732 rerum
341 1659 579 1756 pretiosarum
597 1658 629 1731 ci
648 1683 741 1756 saepe
758 1655 947 1744 mittebat,
966 1679 1051 1756 rege
1066 1656 1254 1730 nesciente.

200 1773 307 1867 Quod
324 1772 387 1845 ubi
406 1774 479 1873 ipse
497 1773 707 1873 comperiit,
727 1773 759 1846 ei
774 1799 821 1845 ne
833 1771 986 1844 ulterius
1001 1773 1169 1860 iteraret,
1188 1785 1256 1844 tor·

178 1887 354 1961 'ribiliter
374 1887 574 1987 prohibuit.
600 1888 662 1960 lila
683 1889 815 1961 iterum
835 1885 958 1961 cadem
981 1887 1184 1984 procaciter
1202 1910 1256 1958 ro-

198 2023 361 2105 petente,
381 2007 491 2078 iratus
507 2031 572 2079 rex
586 2004 702 2078 dixit:
726 2007 763 2069 V
759 2030 823 2077 era
839 2021 890 2078 est
907 2003 1106 2104 cujusdam
1122 2003 1255 2105 sapt'ea

199 2126 243 2195 tis
259 2123 481 2220 nimiumque
499 2120 586 2193 milti
598 2119 799 2222 probabilis
816 2120 992 2192 assertio:

339 2293 532 2368 Naufragium
544 2312 637 2351 rerum
648 2303 690 2349 est
705 2294 804 2348 mulier
816 2292 949 2367 malefida
960 2297 1069 2349 marito.

202 2448 295 2548 Quis
324 2448 471 2521 ulterius
496 2453 534 2520 in
563 2449 630 2521 hoc
655 2447 792 2520 mundo
811 2447 939 2546 fidam
972 2448 1045 2520 sihi
1073 2463 1109 2519 et
1142 2446 1255 2520 utilem

198 2569 338 2639 sociam
363 2566 544 2667 reperiet?
568 2568 633 2639 En
657 2564 880 2639 collateralis
898 2591 982 2638 mea
1004 2565 1143 2665 (quam
1166 2564 1255 2638 ναίω

198 2683 362 2754 animam
380 2708 496 2754 meam
515 2682 648 2781 diligo,
663 2707 774 2782 quam
790 2680 956 2753 omnibus
968 2682 1076 2779 gazis
1093 2696 1128 2753 et
1138 2695 1255 2781 potes·

199 2798 332 2870 tatibus
350 2801 387 2870 in
402 2816 472 2872 toto
481 2797 636 2900 praefeci
646 2826 758 2898 regno
773 2799 864 2895 arco)
875 2801 1041 2872 inimicos
1059 2824 1158 2871 meos
1171 2797 1255 2870 insi·

198 2913 343 2985 diantes
359 2917 448 2985 uitoe
467 2941 558 2987 meae
574 2931 771 3006 sustentat,
789 2914 919 3015 opibus
935 2919 1023 2988 meis
1039 2936 1255 3013 summopert

198 3028 314 3120 ditat,
334 3047 368 3101 et
385 3048 511 3105 eontra
527 3033 682 3105 salutem
700 3058 818 3104 meam
834 3030 996 3105 studiosa
1014 3047 1153 3122 armat,
1173 3054 1255 3104 cou-

197 3149 340 3221 solatur
360 3175 407 3222 ac
430 3150 588 3222 roborat.
615 3149 670 3223 Ad
696 3147 773 3222 baeo
798 3149 856 3220 illa
882 3146 1068 3248 respondit
1092 3148 1181 3223 :Ne
1197 3147 1256 3219 mi·

197 3270 303 3354 reris,
322 3267 467 3339 domine
484 3269 554 3355 mi,
570 3266 738 3356 obsecro,
757 3268 793 3339 si
805 3292 871 3365 ego
882 3265 1170 3367 primogenitam
1178 3288 1254 3366 pru·

197 3384 266 3455 lem
284 3410 403 3455 meam
422 3401 538 3456 tenere
559 3384 687 3485 diligo.
705 3385 783 3456 Per
801 3389 968 3457 virtutem
984 3382 1171 3457 Altissimi
1182 3380 1250 3479 (r),

195 3502 229 3571 si
254 3500 458 3573 Radbertus
483 3527 584 3574 meus
609 3519 768 3574 mortuus
793 3517 905 3591 esset,
934 3515 968 3571 et
991 3501 1030 3571 in
1058 3505 1131 3570 imo
1157 3514 1251 3570 terra

194 3635 326 3718 septem
333 3619 494 3720 pedibus
507 3620 554 3692 ab
567 3618 683 3692 oculis
695 3621 889 3691 viventium
902 3616 1139 3690 absconditus
1152 3629 1249 3702 esset,

1218 3821 1250 3832 -σ

229 3954 237 4020 (
244 3953 267 4021 1)
286 3950 309 4004 ΙΙ
323 3950 411 4024 parsit
423 3970 478 4024 que
489 3952 580 4006 c’etait
592 3952 618 4006 la
631 3951 749 4007 sormuic
761 3970 816 4025 que
832 3952 857 4005 la
869 3951 946 4006 reine
960 3949 1096 4004 Matbiide
1107 3949 1249 4024 employait

195 4039 262 4094 dans
276 4057 316 4093 scs
328 4051 476 4109 serments,
496 4060 603 4096 comme
613 4042 773 4098 Guillaume
784 4041 872 4111 jurait
883 4060 933 4114 par
945 4041 970 4096 la
980 4040 1130 4114 spiendeur
1139 4042 1175 4096 de
1185 4040 1249 4094 Dieu

193 4133 257 4200 (par
270 4128 295 4183 ia
309 4130 471 4201 resplendui·
484 4131 552 4200 De').
