2910 4980
548 412 665 477 nram
686 413 870 491 ontnrus.
1178 412 1238 476 aee

172 534 360 623 tovianus,
392 532 481 620 Leo,
519 531 730 607 Benedictus
759 546 795 606 ct
822 529 1002 604 Jobnnnes
1032 523 1237 627 apostolieae

172 646 246 723 sedi
272 647 518 749 prefuerunt,
547 648 741 747 nimiisque
767 643 1103 746 perturbationibus
1127 670 1236 744 regna

172 782 352 841 terrarum
366 790 536 839 concussa
550 781 648 837 sunt.
664 764 866 840 Ludovicus
880 764 979 839 enim
991 788 1055 836 rex
1067 762 1236 835 Rotoma-

172 909 261 983 gum
276 881 344 955 sibi
362 880 598 982 mancipavit,
616 880 773 983 doloque
790 881 983 955 Ricardum
999 879 1128 953 ducem
1143 881 1239 952 bau·

172 999 313 1075 dunum
340 997 505 1092 adduxit,
533 997 655 1100 ibique
678 1002 715 1071 in
741 1024 918 1072 carcerem
942 998 1065 1085 misit3
1093 995 1153 1071 sed
1179 993 1238 1069 ille

172 1129 268 1190 nutu
284 1117 348 1189 Dei
366 1131 402 1190 et
420 1115 609 1214 prudentie
625 1113 804 1191 Osmundi
825 1114 1017 1188 nutritoris
1038 1113 1090 1184 sui
1108 1111 1233 1185 exivit.

172 1230 310 1306 Deinde
332 1230 544 1330 Huigmldus
566 1257 630 1304 rex
655 1231 862 1319 Danorum,
887 1225 1039 1303 consilio
1063 1226 1236 1300 bernardi

172 1344 288 1434 Dani,
304 1369 387 1418 cum
406 1346 566 1419 exercitu
588 1346 625 1418 in
644 1342 905 1418 Normanniam
919 1342 1036 1432 venit,
1056 1358 1093 1415 et
1111 1355 1237 1416 contra

172 1462 398 1536 Lndovicum
409 1487 530 1562 regem
543 1489 611 1563 pro
620 1463 760 1537 ultione
772 1462 957 1538 Guillelmi
971 1461 1239 1561 longaespatae

172 1579 365 1678 pugnavit3
390 1579 427 1650 in
447 1606 522 1680 quo
542 1579 670 1678 praelio
683 1581 878 1654 Herluinus
894 1606 1013 1655 comes
1030 1574 1214 1653 Mosteroli
1225 1629 1237 1664 ‚

174 1718 260 1768 cum
272 1692 466 1770 anberto
480 1695 592 1770 fratre
603 1722 688 1785 suo,
703 1697 853 1797 aliisque
868 1722 930 1770 xvt
945 1695 1137 1771 comitibus
1154 1692 1240 1766 Gal-

173 1811 253 1901 liae,
278 1838 384 1912 super
409 1812 535 1885 Divam
553 1813 703 1886 fluvium
726 1815 865 1889 occisus
887 1830 961 1900 cst,
980 1828 1017 1887 et
1039 1811 1240 1884 Ludovicus

172 1944 317 2029 captus,
336 1930 374 2002 in
387 1956 505 2004 arcem
517 1931 706 2030 Rotomagi
720 1930 925 2019 serrandus,
938 1931 1064 2002 missus
1073 1944 1138 2002 est.
1152 1927 1241 2001 Ger-

172 2045 283 2147 bergu
294 2073 381 2147 ergo
393 2047 515 2148 regina
531 2049 767 2136 Francorum,
779 2046 851 2122 filia
864 2047 1010 2121 Henrici
1022 2042 1242 2118 Trans-Rhe-

173 2164 261 2237 ueni
276 2164 520 2263 imperatoris,
537 2163 689 2240 consilio
706 2164 867 2265 Hugonis
882 2164 1020 2264 Magni,
1042 2188 1126 2235 cum
1141 2160 1241 2235 Nor-

173 2283 318 2356 mannis
342 2306 465 2381 pacem
489 2283 595 2373 fecit,
623 2282 906 2384 lothariumque
930 2283 1047 2357 filium
1072 2304 1177 2353 suum
1203 2280 1240 2351 in

172 2396 356 2487 obsidem,
375 2415 412 2474 et
428 2398 518 2474 duos
534 2402 720 2499 episcopos
741 2430 749 2472 ε
766 2399 981 2475 Hildierium
993 2398 1241 2473 belvacensem

172 2531 212 2589 et
227 2515 434 2590 Gnidonem
451 2518 740 2592 Suessionensem
758 2543 827 2618 pro
847 2514 1018 2592 servanda
1039 2515 1109 2589 fide
1128 2514 1239 2586 misit.

173 2630 234 2705 Sic
247 2657 266 2703 a
281 2632 434 2705 vinculis
447 2660 512 2707 rex
528 2632 784 2722 liberatorem,
799 2651 835 2708 et
846 2633 1019 2707 Ricardus
1033 2658 1166 2726 eomes,
1182 2657 1242 2730 pn-

172 2746 326 2848 trireque
351 2764 453 2857 pater
477 2748 733 2826 corroboratus
754 2766 808 2824 est
834 2752 903 2848 (1).
932 2749 1021 2824 Otto
1044 2749 1241 2848 imperator

207 3024 249 3095 (ι)
266 3024 307 3079 Ce
316 3022 386 3078 n'eet
395 3024 475 3097 point
484 3025 552 3079 dans
563 3042 619 3080 nne
630 3035 697 3081 note
713 3026 865 3099 marginale
877 3026 962 3100 qu’on
973 3034 1042 3099 peut
1055 3022 1174 3080 aborder
1189 3038 1243 3075 one

173 3111 328 3167 dioeuaeion
341 3115 413 3168 aussi
423 3113 543 3170 etendne
555 3133 610 3189 que
623 3115 649 3170 le
658 3114 848 3172 demanderait
862 3117 994 3174 l'examen
1004 3115 1040 3172 de
1052 3124 1115 3171 tous
1127 3114 1166 3168 les
1179 3112 1242 3168 faits

173 3202 332 3259 accumulet
344 3204 379 3258 ici
396 3221 432 3259 en
445 3204 578 3279 quelques
589 3204 678 3276 lignes
695 3218 864 3262 concernunt
876 3207 1002 3282 l’epoqne
1014 3205 1042 3260 la
1052 3205 1115 3279 plus
1126 3204 1242 3258 obscure

174 3289 223 3347 des
240 3291 352 3347 annales
364 3294 546 3356 normandos,
561 3302 591 3349 et
608 3295 656 3368 qui
673 3294 835 3350 fournirsait
849 3295 876 3349 lc
893 3294 994 3367 champ
1011 3292 1037 3348 lc
1054 3291 1117 3366 plns
1137 3291 1208 3346 libre
1227 3294 1242 3344 a

173 3380 375 3456 l'imagiuatiou
388 3383 423 3438 dc
436 3402 486 3438 nos
504 3385 664 3440 historiens.
680 3385 757 3441 Nous
770 3402 841 3440 nous
860 3393 1054 3439 contenterons
1068 3382 1103 3437 de
1115 3381 1176 3436 dire
1188 3399 1243 3454 que

174 3470 199 3525 la
217 3471 293 3547 prise
310 3471 345 3528 de
363 3475 515 3545 possession
532 3473 567 3528 dc
581 3474 681 3530 Rouen
697 3494 747 3548 par
763 3474 1058 3530 Leuis-d'Outre-Mcr
1071 3490 1142 3529 nous
1154 3471 1243 3545 parait

173 3561 334 3634 appertenir
350 3564 366 3614 a
385 3560 491 3616 l’annec
510 3561 562 3636 945
577 3562 739 3635 (Frodoard
753 3564 850 3618 s’etant
867 3566 977 3637 trompe
991 3561 1058 3617 d'nn
1078 3581 1112 3616 an
1132 3560 1202 3615 dans
1218 3560 1243 3613 la

173 3645 238 3704 date
250 3647 291 3702 du
304 3659 428 3704 menrtre
443 3649 478 3705 de
491 3639 888 3725 Guillaume-Lnngnc·Epee,
904 3651 952 3725 qui
973 3651 1049 3707 n’eut
1065 3648 1122 3705 lieu
1140 3648 1204 3723 qo’ir
1218 3647 1243 3701 la

175 3734 211 3791 lin
224 3735 261 3791 de
270 3734 351 3810 943);
366 3737 434 3810 qu'il
449 3738 511 3793 saut
522 3738 677 3812 depouiller
688 3739 727 3794 du
741 3741 878 3795 caractere
890 3739 967 3812 roynl
979 3737 1130 3813 Haigrold‚
1145 3734 1243 3810 simple

174 3826 370 3883 commutant
383 3828 520 3884 normand
530 3829 566 3884 de
577 3831 702 3903 Bnyenx3
716 3848 771 3905 que
784 3830 809 3885 la
820 3830 950 3904 captivit&
961 3824 997 3885 de
1009 3828 1242 3886 Leuis-d'Outre·

176 3913 234 3970 ller
242 3924 273 3970 et
285 3913 311 3969 la
324 3915 484 3971 restitution
497 3916 532 3972 de
544 3917 667 3974 Richard
681 3918 793 3974 doivent
805 3919 866 3974 etre
875 3935 913 3973 ou
925 3918 961 3973 de
970 3926 1042 3973 cette
1052 3917 1142 3971 meme
1156 3917 1242 3969 anner

176 4018 208 4057 ou
226 4002 265 4058 du
279 4018 516 4061 commencement
532 4007 566 4061 de
585 4006 609 4061 ln
623 4009 755 4063 suivante.
769 4009 864 4079 Quant
875 4026 927 4064 aux
940 4007 1038 4064 details
1048 4024 1242 4080 romnncsans

177 4088 278 4146 burnis
293 4110 342 4165 par
356 4092 394 4148 les
407 4093 556 4150 historiens
571 4096 733 4163 normands,
751 4114 821 4152 notas
839 4097 883 4169 n’y
896 4098 1037 4154 attachona
1054 4113 1160 4151 arienne
1174 4113 1240 4149 ron-

179 4177 265 4235 lance.
