2910 4980
128 409 136 423 ·
193 397 252 458 456
468 394 651 455 lttsrotttt
673 393 975 456 EcctEsttstht.
1057 398 1257 474 [ascitus]

193 533 287 605 erat,
310 515 494 588 monachis
506 514 700 600 concessit;
720 514 886 615 aquibus
907 515 1079 589 xsolidos
1098 533 1136 589 et
1149 517 1259 590 dimi-

194 634 293 706 dium
311 634 385 705 vini
404 631 566 705 modium
587 631 624 703 in
643 632 790 705 caritate
808 632 955 731 recepit.

241 748 469 848 Eremburgis
480 748 552 820 filia
568 749 662 821 Petri
675 745 720 820 de
733 748 883 837 Manlia,
900 764 936 821 et
948 749 1150 822 Amalricus
1164 749 1258 823 filius

193 872 267 967 ejus
289 866 517 955 medietatem
540 865 638 936 illam
660 865 826 952 decimae,
849 891 959 965 quam
981 866 1111 964 injuste
1129 882 1257 940 tenue-

193 996 289 1070 rant,
305 983 381 1055 Deo
394 977 645 1068 reddiderunt,
661 981 869 1080 donumque
883 1007 989 1078 saper
1000 980 1111 1054 altare
1124 997 1256 1054 sarrctae

192 1097 716 1172 DeiGenitricisMariaecoram
725 1097 1256 1197 populoimposuerunt.Hujus

193 1218 367 1288 nimirum
383 1216 469 1287 doni
488 1214 609 1286 fautor
626 1231 663 1287 et
679 1212 792 1287 fidelis
810 1215 998 1315 instigator
1013 1214 1170 1290 domnus
1186 1218 1257 1288 Au·

193 1333 313 1408 soldos
329 1334 450 1420 alluit,
472 1349 508 1407 et
527 1359 610 1405 oum
626 1317 710 1405 liliis
728 1333 799 1404 suis
814 1334 921 1407 Petro
940 1348 976 1406 et
994 1330 1152 1407 Radulfo
1173 1358 1258 1406 con·

193 1454 308 1525 cessit.
326 1454 431 1523 Tunc
446 1450 630 1538 monachi,
651 1451 695 1521 ad
708 1450 953 1523 redimendam
966 1449 1143 1523 decimam
1160 1450 1257 1548 (quia

194 1567 407 1641 Guillelmus
425 1568 469 1640 de
487 1567 617 1640 Manlia
633 1568 670 1639 in
684 1565 892 1654 vadimonio
909 1593 977 1666 pro
995 1592 1044 1638 xx
1061 1565 1165 1638 libris
1183 1574 1259 1638 earn

194 1685 390 1782 habebat),
410 1685 531 1758 decem
552 1684 658 1755 libras
683 1681 895 1784 Eremhurgi
918 1684 1094 1758 dederunt
1105 1740 1116 1773 ,
1136 1700 1172 1757 et
1191 1698 1261 1756 nes

194 1805 382 1903 aripennes
397 1804 511 1875 vincae
531 1801 596 1901 ipsi
613 1818 649 1874 et
665 1800 797 1874 haeredi
822 1805 896 1900 ejus
916 1819 1183 1886 concesserunt.

245 1924 438 2021 Postquam
450 1936 570 1993 autem
583 1919 695 1992 velata
710 1919 780 1991 fuit
793 1919 914 1992 eadem
927 1918 1160 2020 Eremburgis
1168 1977 1178 2010 ,
1197 1923 1257 1994 ite·

196 2064 278 2134 rum
300 2039 371 2135 ipsa
389 2053 425 2110 et
443 2036 636 2135 praedictus
658 2034 878 2123 Amalricus,
899 2035 992 2108 filius
1008 2041 1103 2135 ejus,
1123 2056 1259 2137 partem

196 2182 295 2227 snam
305 2157 348 2227 dc
360 2154 495 2227 decima
505 2179 598 2252 saepe
608 2169 802 2226 memorata
814 2153 890 2227 Deo
897 2153 1144 2239 reddiderunt,
1156 2171 1191 2227 ct
1202 2156 1261 2229 do

196 2268 752 2366 num,sicutantea‚superaltare
763 2269 1038 2342 matrisDomini
1049 2295 1113 2368 per
1125 2287 1261 2343 textum

197 2385 476 2484 Evangeliorum
492 2386 754 2482 imposuerunt.
771 2382 822 2454 lbi
843 2382 1057 2456 Guillelmus
1069 2384 1112 2457 de
1132 2385 1260 2456 Manlia

197 2520 233 2574 et
247 2500 451 2574 liudhertus
464 2527 575 2600 nepos
592 2504 665 2598 ejus
685 2517 721 2573 ct
734 2499 943 2573 Goisfredus
957 2502 1117 2575 sororius
1137 2504 1256 2601 ipsius,

198 2645 281 2689 cum
301 2618 425 2690 Odone
451 2619 591 2716 Pagano
615 2634 650 2687 et
675 2615 801 2688 Odoue
817 2615 895 2689 filio
915 2616 1088 2689 Gualonis
1111 2635 1149 2690 et
1172 2619 1258 2691 Ful-

199 2761 290 2807 cone
320 2734 460 2806 Clerico
488 2750 523 2807 et
544 2732 737 2806 Goisfredo
762 2732 918 2804 Richerii
945 2733 1022 2806 lilio
1046 2733 1257 2820 adfuerunt,

196 2854 358 2950 Deoque,
374 2851 435 2948 qui
453 2848 653 2953 mulierem,
669 2849 815 2920 nelariae
830 2850 1032 2946 rapacitatis
1046 2848 1169 2923 lethali
1187 2878 1261 2922 sar-

199 2969 277 3039 cina
296 2981 481 3051 onustam,
501 2966 697 3054 alleviavit,
717 2967 847 3065 gratias
864 2983 1027 3064 egerunt.

246 3082 497 3156 Habitaturum
525 3083 643 3181 itaque
668 3082 835 3169 solertia,
863 3082 1039 3182 donisque
1070 3084 1259 3156 conlluen-

197 3204 288 3275 tium
305 3200 510 3274 Manliensis
530 3200 658 3274 domus
679 3201 791 3273 crevit
814 3215 850 3272 et
871 3198 1082 3297 locupletata
1102 3218 1176 3287 est;
1202 3200 1259 3274 sed

195 3335 279 3420 post
304 3318 448 3419 aliquod
469 3336 626 3416 tempus,
654 3316 814 3390 Ansoldo
834 3314 1000 3388 laudabili
1027 3332 1183 3415 patrono
1205 3344 1260 3390 ca·

196 3437 322 3524 dente,
342 3433 524 3508 debilitata
549 3449 613 3506 est.
637 3437 668 3504 ls
689 3435 840 3522 etenim,
860 3448 1051 3532 postquam
1072 3460 1138 3506 unt
1161 3436 1260 3506 anuis

196 3579 293 3625 arma
309 3552 449 3623 militiae
462 3552 581 3649 gessit,
594 3556 667 3647 jam
682 3551 808 3623 seniles
820 3576 934 3622 annos
945 3552 1138 3649 attingens,
1151 3578 1261 3653 aegro·

196 3687 273 3771 tare
288 3671 426 3769 'coepit,
452 3687 488 3741 et
512 3694 606 3768 aeger
631 3668 705 3742 sere
729 3694 781 3742 vn
805 3658 1011 3767 septimanis
1033 3669 1077 3740 ad
1103 3669 1259 3742 tribunal

196 3784 335 3859 Summi
353 3787 468 3858 iturus
477 3841 488 3875 ,
508 3813 581 3860 sese
597 3785 820 3861 confessione
836 3801 872 3859 et
891 3786 1107 3882 poenitentia
1122 3814 1260 3885 praepa·

314 3904 343 3912 “
384 3903 535 3975 mamvis
549 3902 642 3975 lecto
657 3929 730 3976 iton
744 3901 994 3987 decumberet,
1010 3902 1070 3975 sed
1080 3904 1260 3976 ecclesiam

460 4034 533 4106 ret,
552 4033 588 4089 et
601 4020 787 4092 vivacitate
801 4019 985 4090 memoriae
1001 4045 1082 4090 cum
1099 4018 1259 4091 facundia

476 4136 509 4209 'it
524 4150 642 4208 tamen
658 4162 694 4209 se
710 4152 855 4209 natmas
869 4137 1030 4233 corporis
1049 4139 1118 4225 sui,
1132 4135 1260 4236 quihus
