2910 4980
165 454 330 530 [soa-911]
532 449 647 510 LIBER
667 439 844 510 TERTIUS.
1205 455 1223 510 7

166 572 243 671 puli
264 569 492 656 occiduntur,
516 571 680 644 monachi
705 587 741 644 et
761 571 878 642 clerici
901 568 1168 668 disperguntur,
1189 587 1226 645 et

167 704 375 762 sanctorum
388 712 537 787 corpora
557 702 618 758 aut
632 689 669 758 in
689 688 760 758 suis
772 686 935 774 tumulis,
949 690 1023 785 jam
1038 686 1226 760 destructis
1311 723 1313 726 ·

169 802 323 893 aedibus,
345 802 475 904 absque
498 804 597 876 cultu
616 806 885 904 relinquuntur,
909 822 970 877 aut
986 832 1004 876 a
1021 806 1090 904 piis
1108 805 1225 879 culto-

166 919 265 992 ribus
281 919 325 992 ad
341 922 526 1019 peregrina
544 920 619 993 loca
637 920 875 994 devehuntur.

216 1035 284 1107 Sed
300 1034 523 1132 dispensante
538 1035 670 1107 divinae
686 1037 827 1134 pietatis
846 1034 1020 1125 arbitrio,
1042 1062 1084 1108 ex
1105 1035 1225 1108 eadem

166 1166 272 1251 gente
294 1151 388 1224 unde
407 1152 506 1225 venit
526 1151 702 1225 Neustrioe
725 1152 915 1240 desolatio,
944 1152 1026 1225 inde
1051 1153 1225 1224 nimirum

166 1295 241 1343 non
264 1269 379 1340 multo
397 1285 478 1368 post
498 1271 671 1368 processit
693 1270 904 1345 consolatio.
926 1270 1017 1342 Nam
1040 1269 1226 1368 completis

166 1384 240 1458 sere
258 1409 331 1456 xxx
348 1385 451 1456 arinis
468 1401 549 1484 post
569 1384 703 1457 cladem
722 1384 906 1485 Hastingi‚
927 1384 1034 1459 Rolto
1052 1385 1123 1456 dux
1142 1408 1226 1455 cum

164 1502 275 1573 valida
301 1502 485 1574 Danorum
503 1505 692 1600 juventute
717 1501 919 1574 Neustriam
950 1503 1126 1600 ingressus
1151 1515 1223 1586 cst,

163 1635 199 1692 et
221 1617 342 1691 Gallos
359 1619 540 1690 diuturnis
565 1616 807 1689 invasionibus
825 1615 1055 1690 vehementer
1074 1631 1226 1687 atterere

162 1735 260 1806 nisus
277 1749 341 1806 est.
365 1733 457 1805 Nam
479 1747 645 1806 conserto
668 1759 751 1803 cum
769 1731 879 1804 Gallis
900 1733 1048 1832 praelio,
1072 1730 1224 1804 Rollan·

163 1850 248 1921 dum
270 1848 477 1949 signiferum
496 1875 623 1922 eorum
640 1850 793 1937 occidit,
818 1864 852 1922 et
875 1848 1086 1920 Rainaldum
1106 1847 1224 1918 Aure·

163 1965 375 2038 lianensium
391 1966 516 2038 ducem
534 1992 618 2037 cum
634 1967 792 2038 exercitu
809 1968 1029 2039 Francorum
1044 1963 1141 2037 bello
1154 1964 1224 2034 vic-

164 2098 242 2154 tum
253 2082 402 2181 fugavit.
414 2083 631 2155 Parisiorum
644 2081 769 2155 urbem
782 2098 937 2183 quatuor
950 2082 1052 2154 annis
1065 2079 1204 2155 obsedit
1209 2106 1221 2168 ;

165 2197 224 2272 sed
241 2225 337 2285 eam,
359 2199 574 2297 impediente
593 2199 685 2284 Deo,
705 2224 780 2271 non
804 2196 977 2272 obtinuit.
1002 2199 1147 2270 Baiocas
1164 2225 1223 2271 ex·

163 2316 335 2415 pugnavit
349 2328 385 2388 et
399 2315 511 2414 cepit,
527 2330 562 2387 et
574 2290 827 2414 Berengariuin
841 2316 1008 2388 comitem
1023 2319 1096 2412 ejus
1110 2315 1225 2387 inter-

164 2433 270 2519 emit,
287 2434 491 2532 Popamque
508 2432 618 2504 filiam
635 2436 708 2531 ejus
728 2433 764 2504 in
783 2433 989 2531 conjugium
1007 2431 1160 2532 accepit;
1180 2456 1222 2504 ex

161 2574 232 2648 qua
255 2547 483 2620 Willelmum
511 2564 751 2646 cognomento
782 2548 1109 2646 Longam-Sputum
1138 2571 1223 2645 pro-

161 2667 293 2738 creavit
311 2666 377 2763 (r).
398 2666 460 2738 His
477 2666 623 2765 aliisque
642 2666 838 2738 innumeris
857 2663 1085 2737 conflictibus
1101 2662 1221 2738 Gallos

161 2895 217 2931 une
229 2878 364 2951 premiere
377 2878 443 2944 sois,
457 2878 525 2932 mais
538 2877 659 2933 desendu
668 2880 909 2952 vigoureusement
922 2897 957 2932 en
971 2877 1032 2946 855,
1047 2878 1066 2933 it
1081 2897 1116 2933 nc
1125 2878 1220 2934 tomba

160 2986 194 3021 au
208 2970 322 3041 ponvoir
332 2968 381 3022 dea
393 2969 518 3023 hommes
528 2968 567 3022 du
578 2968 655 3022 Nord
667 2969 750 3042 qu'en
763 2967 822 3023 863.

196 3058 235 3127 (t)
256 3057 343 3112 Notre
359 3068 460 3112 auteur
471 3058 519 3131 qui
534 3058 607 3111 vient
621 3056 655 3111 de
669 3056 761 3130 placer
772 3055 810 3111 les
828 3057 963 3112 invasione
977 3056 1011 3110 de
1024 3057 1143 3131 Hastiug
1155 3074 1219 3113 sons

158 3146 186 3201 ie
195 3147 280 3219 regne
289 3146 621 3219 deCharles-le-Simple‚
637 3156 665 3200 et
674 3165 724 3219 par
733 3148 903 3219 consequent
912 3163 984 3199 assez
998 3147 1061 3218 pres
1072 3146 1107 3199 dc
1116 3146 1219 3201 laveri-

158 3234 233 3288 tahle
240 3234 389 3308 epoquede
398 3234 422 3288 ia
432 3234 569 3303 det-nibre,
580 3245 690 3307 reporte
700 3235 872 3288 maintenant
879 3253 907 3289 sa
917 3235 1052 3307 premiere
1060 3234 1219 3307 expedition

158 3343 194 3379 en
207 3325 312 3380 France
324 3343 386 3379 vors
398 3324 449 3399 847
463 3343 499 3379 ou
513 3325 578 3394 848,
593 3325 718 3381 ouhliant
731 3327 799 3379 ainsi
813 3343 843 3379 ce
856 3324 924 3398 qu’il
936 3343 1006 3380 nous
1020 3344 1035 3379 a
1048 3325 1090 3379 dit
1101 3343 1171 3398 page
1185 3329 1217 3392 A:

158 3431 214 3487 que
224 3413 251 3467 la
265 3413 399 3486 premibre
412 3414 535 3468 invasion
549 3413 584 3468 de
597 3414 695 3469 Rouen
708 3434 758 3488 par
771 3413 810 3468 les
822 3414 949 3468 hommes
961 3413 998 3468 du
1011 3412 1088 3467 Nord
1100 3414 1171 3467 avait
1183 3431 1219 3468 eu

158 3502 215 3558 lieu
233 3514 299 3558 cent
317 3504 517 3578 soixante-cinq
536 3522 584 3558 ans
601 3505 680 3577 apres
698 3504 765 3578 678,
786 3502 954 3558 &est-adire
969 3521 1004 3556 en
1019 3499 1084 3567 843,
1105 3519 1137 3555 ce
1154 3503 1217 3575 qui,

159 3593 248 3666 parmi
261 3602 352 3647 tontes
363 3611 403 3647 sea
413 3592 618 3665 supputatione,
633 3594 701 3647 etait
713 3593 738 3647 la
751 3593 839 3647 moins
852 3591 977 3663 eloignee
989 3591 1024 3645 de
1036 3591 1061 3644 ia
1074 3593 1169 3646 verite.
1182 3593 1219 3648 Le

160 3681 383 3753 porte-enseigne
396 3679 515 3734 Rolland
523 3691 565 3734 est
575 3699 612 3735 un
626 3698 794 3753 personnage
806 3682 938 3753 suppose,
952 3678 987 3733 de
1000 3679 1160 3734 l'invention
1172 3680 1220 3735 des

159 3770 310 3824 historicus
323 3770 489 3839 normands3
508 3780 537 3824 et
553 3770 622 3825 celui
642 3770 711 3824 dont
724 3770 757 3823 ils
769 3769 831 3823 sont
843 3786 881 3823 un
896 3767 950 3822 duc
963 3768 1110 3825 d’Orleans
1126 3780 1220 3824 estun

160 3859 215 3914 duc
228 3859 266 3915 du
279 3861 372 3915 Maiae
387 3863 434 3916 tue
447 3878 510 3915 sous
522 3861 561 3916 les
574 3878 649 3915 murs
662 3858 696 3914 de
710 3859 809 3914 Rouen
827 3877 862 3913 en
874 3856 936 3914 885.
952 3857 1070 3926 nouos,
1086 3858 1135 3932 qui
1151 3859 1221 3914 n'est

158 3950 215 4004 cite
225 3949 308 4003 d'une
320 3949 441 4003 muniere
452 3951 635 4023 authentique
645 3949 727 4023 qu’en
741 3967 802 4023 911,
819 3967 854 4002 ue
867 3948 955 4021 figura
969 3948 996 4001 ni
1010 3947 1078 4002 dans
1090 3957 1162 4002 cette
1174 3947 1221 4002 ba·

161 4038 236 4093 taille
251 4037 366 4093 atdans
384 4056 472 4094 aucun
491 4040 564 4113 siege
581 4039 616 4094 de
633 4039 817 4094 ParissNous
837 4037 988 4111 regardons
999 4056 1099 4093 encore
1113 4055 1220 4093 comme

157 4131 310 4183 coutrouve
320 4138 383 4183 tout
396 4146 427 4182 ce
437 4128 485 4202 qui
499 4147 633 4185 concerno
645 4129 669 4183 la
681 4130 754 4202 prise
764 4128 799 4184 de
810 4129 918 4201 Bayeux
929 4147 978 4201 par
986 4147 1018 4184 ce
1030 4127 1108 4195 chef,
1120 4148 1136 4201 y
1147 4145 1222 4186 com·

159 4217 255 4289 pris-le
268 4218 508 4290 comteBerenger
517 4229 545 4274 et
560 4237 587 4274 aa
599 4219 653 4276 tlte
664 4221 766 4293 Poppe.
