2926 4980
127 388 233 464 [ion]
493 385 611 446 elren
632 387 824 462 Qusurus.
1136 392 1196 453 aas
1300 375 1353 409 “⁹

128 507 312 609 baptismo
339 507 413 578 nisi
438 505 592 580 subbato
616 507 774 581 Pascite
802 525 836 580 et
858 510 1088 582 Pentecostes
1102 510 1193 612 fiet.

129 626 214 702 Hoc
230 624 379 726 quidem
393 641 553 714 servato,
574 624 675 724 quod
687 626 851 725 parvulis
867 653 1090 726 quocumque
1107 645 1197 702 tem-

126 769 235 844 pore,
254 767 482 841 quocumque
503 741 565 812 die
583 744 770 842 petierint,
797 747 1074 842 regenerationis
1092 743 1195 818 luta-

129 885 231 933 erum
257 885 332 940 non
357 875 518 957 negetur.
545 859 588 930 V
584 859 692 957 igilic
713 859 773 931 cel
797 859 859 930 dr'e
882 858 1125 959 Epiphaniae,
1158 880 1196 933 ut

128 975 252 1048 nullus
268 975 342 1046 nisi
355 975 576 1067 irfinnitotis
589 977 803 1048 necessitate
817 975 1031 1077 baptizetur,
1050 981 1198 1052 omnino

130 1090 392 1163 interdicimus.

179 1207 272 1279 Huic
285 1207 440 1281 concilio
454 1206 902 1281 consenseruntlohannes
912 1208 1198 1310 archiepiscopus

129 1324 403 1423 Rotomagensis
440 1323 595 1395 ecclesiae
607 1376 618 1410 ,
652 1322 731 1396 odo
758 1323 960 1422 Bajocensis
988 1326 1195 1426 episcopus,

130 1438 284 1516 Michael
304 1438 574 1512 Abrincetensis
592 1441 798 1540 episcopus,
823 1440 1045 1516 Gislebertus
1062 1443 1200 1519 Ebroi-

132 1560 247 1632 censis
279 1559 467 1657 episeopus
480 1611 491 1646 ,
521 1572 558 1630 et
584 1558 814 1658 quamplures
842 1561 950 1632 etiam
979 1561 1199 1636 venerabiles

132 1673 298 1762 abbates,
331 1675 463 1775 quibus
497 1701 540 1749 eo
571 1691 734 1775 tempore
767 1676 936 1751 coenobia
964 1677 1199 1753 Normanniae

132 1789 306 1865 nobiliter
329 1791 534 1903 pollebant,
562 1808 598 1864 et
623 1791 875 1865 monachicum
898 1793 1057 1894 rigorem
1080 1821 1201 1869 serva-

131 1908 233 1984 bant.

181 2027 233 2100 X.
245 2025 373 2127 Operae
385 2028 721 2126 pretiumessereor
733 2033 878 2101 Petrum
888 2029 1102 2102 memoriam
1114 2055 1202 2128 pos-

133 2147 220 2220 teris
242 2147 431 2236 intimare,
454 2147 517 2246 qui
541 2146 778 2219 Normanniae
799 2147 1016 2220 monasteria
1033 2144 1101 2219 sub
1117 2172 1201 2246 rege

131 2263 332 2337 Guillelmo
345 2262 546 2361 prudenter
564 2288 711 2349 rexere,
731 2277 768 2336 et
784 2278 922 2339 aeterno
940 2265 1038 2364 regi,
1058 2265 1121 2364 qui
1144 2264 1202 2336 in-

133 2377 439 2453 commutabiliter
456 2394 604 2478 regnat,
623 2378 839 2452 studuerunt
856 2405 968 2480 usque
985 2380 1029 2453 ad
1044 2395 1199 2454 mortem

132 2498 291 2599 digniter
317 2496 573 2570 obsecundare.
601 2496 773 2595 Sequaces
796 2522 924 2570 eorum
948 2496 1061 2568 multa
1083 2495 1129 2570 de
1152 2498 1202 2570 eis

134 2617 195 2714 (ut
207 2617 305 2710 reor)
321 2615 453 2714 scripta
469 2615 670 2713 posteritati
683 2613 867 2702 dimisere3
882 2613 942 2687 scd
955 2629 1076 2688 tamen
1090 2640 1201 2714 quos-
1256 2706 1259 2713 ι

132 2731 234 2818 dam,
250 2757 342 2830 quos
356 2757 432 2828 prce
447 2731 586 2804 caeteris
603 2755 705 2815 amo,
721 2754 798 2801 non
814 2756 884 2829 pro
899 2729 1088 2830 temporali
1105 2757 1200 2804 mer-

134 2847 239 2937 cede,
260 2848 321 2922 sed
343 2873 412 2948 pro
435 2849 512 2921 solo
531 2873 653 2920 amore
671 2847 855 2944 supientiae
874 2863 909 2920 et
930 2848 1114 2946 religionis
1131 2845 1198 2919 sibi

133 2964 281 3039 coelitus
300 2963 445 3051 inditae,
464 2964 569 3039 dulce
585 2980 638 3038 cst
654 2964 743 3036 mihi
764 2989 848 3036 cum
864 2965 1041 3066 magistris
1057 2967 1145 3038 meis
1164 2966 1200 3036 in

134 3083 201 3157 bae
217 3082 485 3181 saltempagina
503 3083 704 3156 nominare.

179 3201 423 3301 {fiscannense
431 3196 643 3273 coenobium
656 3200 692 3271 in
704 3215 897 3298 prospectu
910 3201 1018 3270 maris
1028 3199 1201 3295 positum,

136 3306 301 3390 creatrici
320 3317 485 3387 omnium
503 3328 634 3387 sanctae
653 3331 689 3386 et
708 3312 902 3386 individuae
920 3313 1089 3385 Trinitati
1107 3310 1205 3384 dica-

137 3446 237 3522 tum,
252 3457 270 3501 a
288 3428 443 3503 Ricardo
459 3428 580 3529 primo
600 3429 691 3502 duce
717 3427 1015 3501 Normannorum
1032 3424 1206 3500 nobiliter

135 3542 350 3633 fundatum,
370 3570 390 3615 a
406 3541 563 3617 secundo
579 3543 703 3617 multis
721 3541 922 3616 honoribus
938 3557 975 3615 et
990 3541 1124 3613 divitiis
1140 3541 1208 3612 lar-

135 3662 232 3764 giter
244 3661 470 3761 ampliatum,
483 3677 565 3760 post
574 3658 808 3734 Guillelmum
821 3659 1072 3733 Divionensem
1086 3659 1205 3730 virum

135 3778 335 3879 sapientem
344 3793 382 3850 et
391 3778 428 3849 in
441 3776 616 3876 religione
624 3774 942 3862 ferventissimum,
951 3774 1133 3849 Johannes
1145 3801 1207 3848 ve-

135 3891 309 3967 nerabilis
327 3890 434 3964 abbas
451 3893 555 3964 annis
575 3891 836 3992 quinquaginta
852 3909 888 3966 et
904 3919 979 3966 uno
996 3893 1108 3980 rexit3
1126 3907 1209 3991 post

136 4033 248 4113 quem
265 4007 479 4082 Guillelmus
494 4008 539 4082 de
556 4011 628 4081 Ros
645 4011 844 4108 bajocensis
861 4009 1032 4100 clericus,
1059 4009 1119 4084 sed
1140 4010 1208 4082 ca-

137 4125 320 4199 domensis
340 4124 560 4215 monachus,
586 4124 662 4199 lere
678 4151 783 4199 xxvu
806 4129 909 4200 annis
930 4128 1060 4199 tenuit.
1084 4128 1151 4198 Hic
1168 4142 1209 4197 ut
