2910 4980
183 433 294 509 [1077]
559 428 676 489 turn
698 428 882 505 Qunrus.
1195 432 1261 492 sos

183 548 293 623 tabo..
305 547 367 622 His
390 545 494 620 dictis
513 570 639 620 omnes
657 548 824 646 protinus
846 562 1088 647 consurgunt,
1112 547 1253 622 decenti

182 665 235 739 ad'
244 664 456 768 gestandum
472 664 614 739 ferculo
626 665 818 764 praesulem
832 665 1041 764 imponunt,
1062 663 1158 739 etde
1174 666 1255 738 rico

184 782 250 884 qui
270 782 366 856 Pons
388 781 556 880 Episcopi
581 782 637 879 (a)
659 781 807 869 dicitur,
831 782 1030 855 Lexovium
1048 778 1254 872 deducunt,

186 899 326 999 ipsique
343 898 497 971 illustres
514 897 635 972 clerici
660 915 696 972 et
719 897 950 972 honorabiles
974 898 1052 969 laici
1078 898 1258 970 amatissi-

185 1041 289 1088 mum
301 1031 441 1113 patrem
456 1014 650 1088 devehunt.
668 1014 831 1089 Tandem
845 1012 931 1086 dum
948 1013 1119 1087 festinare
1136 1013 1180 1087 ad
1196 1039 1258 1085 ur-

186 1132 272 1208 bem
287 1133 471 1220 nituntur,
496 1148 615 1205 morte
637 1130 757 1206 obiter
772 1132 991 1205 accelerante
1009 1133 1048 1203 in
1065 1131 1258 1231 quamdam

186 1251 375 1350 planitiem
396 1249 585 1323 herbosam
604 1249 871 1349 digrediuntur,
895 1249 1017 1351 ibique
1039 1276 1121 1322 cum
1139 1250 1259 1350 lacry-

188 1365 257 1439 mis
273 1381 312 1440 et
325 1365 550 1439 orationibus
568 1366 707 1437 exitum
723 1365 886 1464 praesulis
902 1366 956 1438 sui
974 1363 1041 1438 snb
1057 1364 1142 1440 divo
1160 1392 1259 1464 prae-

187 1484 377 1559 stolantur.

329 1665 375 1722 Sol
387 1677 448 1721 erat
456 1667 486 1721 in
498 1666 606 1739 Cancro
619 1667 729 1723 radians
741 1667 889 1741 splendore
899 1686 1030 1738 corusco;

329 1756 436 1828 Sparsis
445 1758 606 1830 pontificem
618 1759 689 1813 velat
701 1758 786 1814 radiis
799 1761 976 1821 morientem.

240 1925 282 1997 ln
297 1938 394 1996 tanta
410 1925 572 1999 claritate
584 1941 621 2000 et
637 1925 708 2000 loci
724 1927 936 2001 amoenitate
954 1925 1087 2000 nobilis
1101 1926 1259 2000 Antistes

190 2042 297 2141 llugo
315 2041 511 2116 collocatus
527 2044 661 2141 jacuit,
687 2057 723 2115 et
745 2044 840 2116 inter
859 2069 985 2115 manus
1009 2068 1158 2116 suorum
1183 2046 1259 2116 Deo

189 2158 461 2232 commendatus
476 2173 514 2231 x⁰
530 2176 584 2233 v1⁰
597 2160 667 2232 kal.
681 2161 820 2260 augusti
835 2161 1023 2259 expiravit.

332 2341 378 2396 Sic
391 2340 461 2396 obiit
474 2351 569 2396 nostro
581 2343 622 2396 vir
632 2358 689 2396 non
700 2339 862 2415 reparabilis
874 2358 944 2409 tero,

332 2431 448 2486 Gemma
460 2429 649 2499 sacerdotnm,
662 2432 813 2506 patriaque
824 2430 909 2486 decus
922 2440 1000 2504 pater
1013 2430 1107 2504 Ilugo.

191 2592 361 2665 Summus
385 2591 552 2691 pontifex
571 2591 754 2680 Christus,
775 2599 874 2693 cujus
895 2594 988 2667 vices
1009 2593 1052 2665 ad
1075 2592 1200 2669 boram
1224 2594 1262 2667 in

192 2711 299 2786 terris
320 2711 447 2810 gessit,
474 2737 614 2810 semper
630 2711 661 2784 ei
686 2711 865 2812 propitius
882 2709 949 2782 sitl
976 2712 1072 2786 Pons
1092 2711 1263 2810 Episcopi

191 2840 351 2927 quatuor
365 2826 477 2926 leugis
492 2825 600 2898 distat
614 2854 633 2899 a
647 2827 819 2901 Lexovio.
837 2828 879 2899 ln
892 2853 1019 2926 campo
1032 2852 1131 2899 secus
1148 2828 1264 2918 viam,

192 2941 257 3015 ubi
272 2940 403 3016 llamen
416 2941 604 3030 occubuit,
622 2968 712 3015 crux
725 2959 841 3017 erecta
855 2957 922 3031 est,
937 2969 1019 3042 quae
1032 2968 1146 3043 usque
1160 2941 1266 3016 bodie

193 3057 293 3131 Crux
318 3059 488 3160 Episcopi
508 3077 714 3160 nuncupata
738 3074 793 3134 est
814 3063 880 3159 (a).
910 3062 1050 3159 Corpus
1077 3087 1163 3134 vero
1191 3064 1266 3159 ejus

193 3177 394 3250 lexovium
414 3177 572 3250 delatum
596 3194 666 3268 est,
697 3176 758 3251 sed
782 3178 963 3277 sepultura
986 3181 1060 3275 ejus
1086 3177 1266 3278 usquead

194 3317 262 3367 vul
275 3293 350 3371 dies
364 3320 432 3393 pro
448 3293 566 3394 litigio
585 3295 847 3370 canonicorum
862 3310 897 3368 et
911 3291 1169 3366 monacharum
1183 3321 1268 3392 pro-

196 3409 301 3483 telata
316 3424 383 3482 est.
398 3409 528 3483 Clerici
541 3410 638 3483 enim
652 3411 690 3482 in
708 3409 890 3510 episcopio
908 3436 992 3482 eum
1007 3408 1156 3508 sepelire
1168 3409 1266 3483 vole·

195 3523 305 3614 bant;
327 3526 390 3600 sed
412 3527 698 3600 sanctimoniales
715 3528 822 3600 simul
844 3527 1015 3601 acerrime
1033 3524 1268 3625 prohibentes
1298 3613 1300 3616 Ι

196 3637 388 3716 dicebant:
404 3643 520 3754 Bater
528 3659 650 3715 noster
658 3643 770 3742 Hugo
782 3641 969 3716 abbatiam
981 3659 1120 3717 sanctae
1131 3644 1268 3715 Man'ae

231 4003 243 4074 (
247 4003 273 4074 ι)
290 3990 518 4078 Ροιιῑ-ΙἘνὸφιε.

229 4104 276 4174 (α)
295 4103 344 4161 On
363 4123 519 4179 pensaque
538 4116 610 4162 cette
624 4108 699 4161 croix
716 4105 807 4192 deruit
825 4105 885 4160 sne
904 4104 997 4179 placeo
1016 4106 1087 4163 dans
1099 4107 1125 4163 le
1143 4107 1200 4163 lien
1221 4109 1270 4182 qui

200 4201 281 4268 porte
292 4191 471 4264 aujourd'hui
480 4194 507 4251 le
520 4214 586 4251 nom
600 4195 635 4252 de
647 4194 855 4269 Pri-l'Eveque.
