2910 4980
562 383 679 445 num
699 383 883 459 Qurnrus.
1200 381 1260 444 too

190 501 286 575 istud
298 518 416 577 autem
429 501 568 576 donum
581 526 703 577 eoram
717 500 868 574 domino
883 497 1072 575 Rodberto
1089 500 1145 600 (r)
1164 498 1260 599 apud

188 620 364 694 ivereium
382 618 454 691 fuit
471 618 622 710 factum,
642 619 719 718 ipso
740 617 960 692 concedente
978 616 1165 692 cum'filiis
1185 618 1259 690 suis

188 735 355 810 Ascelino
375 735 523 824 Goello,
550 750 587 808 et
610 734 823 809 Guilielmo.
851 734 930 833 lpse
953 733 1129 835 quidquid
1145 733 1182 806 in
1201 759 1261 806 er·

189 853 271 926 dem
286 853 369 925 villa
390 850 543 925 habebat
564 852 753 938 concessit,
774 875 930 950 proque
950 877 990 923 re
1012 864 1132 923 totum
1155 847 1262 923 bene·

191 969 312 1042 ficium
332 969 401 1042 loci
424 986 460 1043 et
477 996 585 1041 unam
600 971 743 1041 nnciam
765 969 844 1041 anri
866 967 1014 1067 recepit.
1037 967 1120 1043 Non
1142 967 1261 1041 multo
1354 999 1361 1015 ·

190 1101 272 1185 post
291 1087 439 1161 stimulo
456 1088 573 1187 gravis
593 1086 711 1161 morbi
736 1086 909 1163 divinitus
935 1086 972 1158 in
997 1086 1162 1160 verendis
1183 1112 1263 1187 per·

191 1225 310 1275 cussus
332 1219 406 1291 est,
436 1221 606 1305 metuque
627 1204 755 1276 mortis
780 1201 976 1276 monachus
999 1203 1179 1276 Bencensis
1200 1201 1263 1274 ab·

190 1317 298 1393 batiae
314 1317 429 1392 factus
447 1336 514 1395 est.
534 1319 718 1395 Ascelinns
729 1335 849 1392 autem
867 1318 1032 1407 Goellus,
1052 1317 1148 1390 filius
1165 1321 1261 1414 ejus,

191 1435 420 1511 haereditario
432 1441 516 1536 jure
533 1439 793 1536 patrimonium
811 1440 885 1537 ejus
899 1435 1083 1522 obtinuit,
1101 1451 1138 1508 et
1154 1434 1266 1510 farno·

192 1554 238 1623 sis
256 1552 478 1627 facinoribus
497 1580 603 1654 snper
623 1580 748 1628 omnes
770 1551 993 1627 contribules
1014 1578 1097 1626 suos
1116 1551 1180 1625 diu
1199 1549 1267 1624 cla·

193 1673 280 1744 ruit.
301 1673 466 1743 Castrum
483 1672 581 1745 enim
598 1671 691 1772 apud
710 1670 977 1746 Brehervallum
991 1671 1047 1771 (2)
1066 1669 1267 1744 munitissi-

193 1816 294 1863 mum
316 1792 540 1879 construxit,
566 1791 739 1893 saevisque
755 1787 988 1890 praedonibus
1003 1789 1046 1861 ad
1063 1788 1266 1862 multorum

194 1909 390 2003 perniciem
411 1908 574 2008 replevit.
599 1908 730 1982 Arcem
748 1907 856 1980 lbreii
877 1905 1007 1981 furtim
1026 1932 1108 1978 cum
1126 1904 1265 2004 ingenti

194 2022 385 2097 calliditate
399 2026 513 2124 coepit
521 2078 532 2112 ,
549 2023 810 2125 dominumque
820 2048 925 2096 suum
937 2023 1174 2098 Guilleimum
1187 2022 1268 2094 Bre-

196 2127 383 2212 toiiensem
409 2139 508 2214 bello
534 2141 672 2213 victum
698 2138 994 2239 comprehendit,
1019 2149 1057 2214 et
1082 2141 1118 2213 in
1146 2139 1268 2211 arctis·

194 2257 285 2329 simo
303 2282 445 2330 carcere
467 2258 624 2356 graviter
648 2258 821 2331 coercuit.
846 2255 946 2331 Mille
971 2256 1082 2330 libras
1104 2257 1268 2330 Drocen-

195 2374 288 2445 sium
301 2390 337 2447 et
350 2373 510 2472 praefatae
522 2376 633 2448 turris
645 2375 784 2475 asylum
797 2373 843 2447 ab
859 2374 922 2447 illo
935 2399 1004 2473 pro
1016 2373 1267 2473 redemptione

195 2491 374 2565 violenter
387 2493 557 2580 extorsit,
577 2507 614 2568 et
632 2490 744 2567 isabel
761 2491 870 2566 filiam
890 2493 965 2590 ejus
980 2516 1131 2566 uxorem
1144 2489 1266 2576 duxit,

195 2636 238 2682 ex
259 2636 329 2710 qua
348 2635 400 2682 vn
422 2609 516 2685 filios
535 2612 675 2711 genuit.
701 2610 768 2682 Hic
790 2636 872 2682 curn
900 2636 1013 2684 uxore
1037 2635 1098 2680 sua
1125 2624 1160 2681 et
1185 2605 1268 2680 filiis

196 2750 321 2799 omnes
335 2752 410 2813 res,
430 2753 517 2827 quas
536 2743 678 2799 sanctus
697 2723 874 2798 Ebrulfus
893 2724 937 2798 de
953 2720 1063 2797 feudo
1077 2725 1151 2821 ejus
1165 2719 1269 2794 habe·

196 2837 260 2910 liat
270 2892 281 2926 ,
299 2840 449 2914 Vilerias
465 2842 600 2915 scilicet
616 2841 796 2929 Vastatas,
815 2854 852 2914 et
868 2839 1098 2914 medietatem
1115 2836 1264 2910 decimae

197 2956 240 3027 de
259 2957 487 3031 Montinneio
505 2960 561 3055 (ὅ)
581 2959 773 3043 concessit,
795 2972 831 3031 et
855 2954 938 3031 inde
962 2984 1005 3031 ex
1027 2956 1175 3028 caritate
1194 2979 1268 3026 mo

197 3072 394 3146 nachorum
414 3099 458 3146 ux
476 3073 609 3147 solidos
626 3073 770 3162 habuit,
790 3090 827 3149 et
846 3073 1007 3147 chartam
1025 3070 1265 3146 concessionis

198 3216 271 3262 suae
291 3192 384 3290 apud
404 3191 672 3266 Brehervallum
698 3191 939 3267 confirmavit.
968 3190 1065 3264 ldem
1087 3189 1158 3264 alio
1180 3206 1269 3263 tem·

199 3335 306 3415 pore,
332 3311 427 3408 apud
448 3311 491 3383 B.
511 3311 695 3384 Helerium
712 3313 767 3410 (4)
792 3310 829 3382 in
852 3308 962 3383 domo
983 3306 1266 3394 monachorum,

234 3540 244 3606 t
250 3539 275 3608 ι)
292 3537 332 3594 Ce
343 3537 463 3604 Robert,
481 3538 547 3611 pere
557 3536 697 3594 d’At'celiu
708 3534 815 3604 eruet,
830 3553 865 3591 ne
877 3534 989 3608 pouvait
1001 3534 1060 3590 ene
1072 3535 1204 3606 seigneur
1216 3551 1273 3608 que

201 3628 236 3682 de
249 3627 344 3682 Breval
360 3636 390 3680 et
402 3643 467 3680 nom
486 3624 584 3692 d’lrri,
599 3643 708 3680 comme
718 3642 756 3680 on
771 3625 805 3679 l’a
819 3627 944 3679 assueri
957 3633 1024 3678 tort.
1035 3622 1182 3678 Pectine
1194 3639 1272 3677 oom-

202 3716 357 3772 mandati-tt
373 3715 442 3770 dans
459 3726 531 3771 cette
549 3716 677 3771 derniere
693 3714 770 3788 place
787 3731 860 3789 pour
879 3713 904 3768 le
921 3710 1026 3768 duodo
1041 3711 1215 3771 Normrudie
1235 3728 1273 3766 ou

201 3827 274 3881 pour
284 3806 444 3863 Guillanme
457 3804 493 3861 de
504 3805 637 3861 Breteuil.

235 3900 275 3969 (a)
295 3897 389 3953 Broval
401 3896 653 3968 (scincet-One),
667 3906 747 3951 entre
760 3895 824 3950 Paci
836 3904 865 3950 et
878 3893 1013 3968 Septeuil.

237 3988 276 4060 (ὅ)
294 3987 508 4044 Probablement
524 3988 832 4060 Montigni-sur·Avre,
848 3987 912 4058 pres
926 3985 1116 4039 Nonancourt.

237 4082 276 4150 (4)
293 4079 496 4146 saint-Billier,
509 4080 572 4151 pres
583 4076 688 4132 Breval.
699 4078 739 4132 Ce
749 4075 805 4132 lien
814 4075 883 4131 etait
893 4074 981 4129 divise
989 4092 1024 4128 en
1038 4072 1111 4128 deux
1123 4069 1271 4144 nomines,

203 4170 272 4225 dont
283 4169 356 4223 i’unc
371 4192 376 4221 :
391 4165 725 4235 Saint·Hillicr·la·Ville,
737 4166 910 4240 appartcnait
921 4183 954 4220 au
966 4163 1075 4219 diocese
1084 4161 1119 4217 de
1128 4162 1270 4226 chartres,
