2910 4980
196 421 256 482 392
471 416 654 476 HISTORIA
675 415 978 477 nchEslasrch.

195 538 263 611 Sed
279 561 361 637 quae
380 535 494 634 priori
518 561 649 634 sponso
666 533 710 607 ad
727 553 852 609 votum
869 536 984 637 gavisa
1002 559 1078 609 non
1101 549 1176 624 est,
1199 561 1254 610 se-

195 652 313 726 cundo
330 652 457 726 sociari
474 650 574 724 valde
590 650 791 727 abominata
809 666 874 726 est.
891 651 1050 753 Angium
1066 652 1203 725 viderat
1217 666 1253 726 et

194 769 388 856 dilexerat3
414 767 474 842 sed
503 766 607 842 Ibero
634 770 803 869 conjungi
832 769 940 842 nimis
966 769 1118 858 metuit,
1148 792 1255 869 quem

197 911 383 985 nunquam
401 901 639 985 perspexerat.
662 886 911 983 Omnipotenti
933 911 1018 986 ergo
1036 881 1165 959 effudit
1179 909 1257 983 pre·

196 1029 274 1076 cem
297 1002 554 1102 lacrymosam,
584 1031 630 1078 ne
654 1005 844 1078 duoeretur
868 1004 941 1104 ipsa
968 1004 1005 1075 in
1027 1001 1253 1100 Hispaniam,

196 1118 257 1193 sed
273 1120 346 1219 ipse
362 1121 482 1218 potius
500 1121 692 1220 susciperet
705 1148 795 1194 eam.
811 1121 936 1194 Oravit
952 1136 989 1194 et
1004 1119 1168 1193 exaudita
1184 1132 1254 1208 est,

196 1234 386 1337 obiterque
402 1238 505 1337 virgo
527 1235 695 1311 defuncta
718 1255 784 1312 est.
810 1238 946 1312 Deinde
968 1262 1099 1336 corpus
1119 1238 1196 1335 ejus
1216 1233 1258 1308 ad

198 1352 314 1426 natale
334 1353 451 1426 solum
472 1381 490 1426 a
507 1354 718 1430 ductoribus
736 1354 889 1429 relatum
905 1368 958 1428 est
965 1406 976 1442 ,
997 1368 1035 1427 et
1057 1354 1096 1424 in
1115 1351 1258 1425 eeclesia

199 1484 331 1542 sanctae
347 1469 472 1542 Mariae
494 1487 676 1570 perpetuae
697 1471 877 1571 Virginis,
902 1471 940 1543 in
965 1466 1054 1542 urbe
1077 1466 1257 1568 Bajocensi

200 1584 380 1683 sepultum
396 1600 461 1658 est.
482 1585 638 1660 Adelidis
657 1586 898 1686 pulcherrima
915 1586 1018 1685 virgo
1035 1588 1111 1684 jam
1127 1581 1259 1657 nubilis

201 1697 327 1773 devote
343 1701 423 1774 Deo
438 1728 475 1774 se
493 1704 776 1792 commendavit,
794 1719 830 1777 et
846 1701 912 1775 sub
930 1701 1038 1776 tutela
1059 1701 1203 1800 Rogerii
1218 1697 1259 1773 de

202 1813 427 1889 Bellomonte
449 1833 572 1893 sancto
594 1819 666 1892 fine
688 1819 825 1919 quievit
847 1821 913 1917 (1).
939 1816 1148 1892 Constantia
1173 1816 1260 1889 Fer·

202 1958 322 2031 ganno
336 1937 459 2009 comiti
473 1937 679 2026 Britonum,
695 1937 918 2011 Nanticensis
931 1936 1021 2023 filio,
1035 1935 1173 2035 Baj00ia
1184 1933 1260 2007 data

204 2064 256 2120 est
274 2076 292 2120 a
310 2066 411 2149 patre
432 2078 515 2125 cum
541 2055 677 2152 ingenti
702 2054 881 2153 tripudio,
908 2080 991 2152 quae
1015 2054 1053 2124 in
1078 2051 1259 2124 Britannia

203 2179 346 2238 mortua
365 2180 418 2239 est
434 2168 510 2240 sine
527 2166 603 2241 filio
621 2171 637 2267 (
661 2170 692 2268 )

208 2380 320 2437 Castille
332 2401 368 2437 en
385 2401 465 2460 1072,
483 2396 513 2440 et
524 2385 559 2440 de
570 2386 667 2443 Galine
679 2388 784 2444 l’annee
796 2390 928 2445 suivantc.
949 2390 999 2444 Les
1017 2386 1169 2442 historiens
1187 2400 1261 2457 espa·

209 2471 304 2542 gnols,
316 2474 366 2547 qui
382 2474 521 2547 appellent
533 2477 643 2549 Agathe
657 2478 791 2551 Agueda,
806 2479 914 2552 placent
928 2478 989 2534 leur
1001 2480 1123 2551 mariage
1137 2495 1172 2531 en
1185 2472 1261 2541 1068,

208 2561 426 2636 lorsqu’Alsonac
437 2565 532 2621 n'etait
547 2584 648 2622 encore
659 2569 701 2622 mi
717 2586 772 2642 qne
788 2568 823 2623 de
835 2570 920 2624 Leon.
939 2568 1012 2624 C’est
1028 2564 1130 2622 donc‘a
1140 2564 1166 2618 la
1179 2563 1264 2619 meme

210 2651 297 2704 annee
308 2651 376 2724 qu’il
384 2652 444 2707 saut
453 2665 598 2727 rapporter
606 2654 633 2709 la
643 2666 717 2710 mort
728 2655 763 2709 de
775 2655 801 2710 la
809 2657 891 2727 jeune
904 2658 1050 2730 princesse.
1062 2655 1102 2710 Ce
1116 2653 1196 2708 triste
1208 2651 1265 2705 eve·

211 2755 323 2794 nement
338 2740 500 2815 n’cmpccha
513 2761 561 2816 pas
579 2744 692 2800 Alienae
709 2745 744 2800 de
762 2745 897 2801 chercher
909 2763 950 2800 see
962 2744 1089 2798 alliances
1100 2759 1137 2796 en
1150 2741 1266 2805 Franoe5

210 2845 257 2880 car
274 2826 294 2881 il
312 2831 413 2901 &ponsa
430 2834 669 2902 successivement,
688 2853 723 2889 en
740 2840 821 2910 1074,
842 2838 951 2910 Agnes,
967 2835 1022 2890 fille
1039 2833 1075 2888 de
1093 2830 1268 2895 Guium,

211 2916 323 2971 sixierne
335 2918 375 2975 du
386 2938 453 2975 nom
465 2939 573 2977 comme
590 2934 681 2979 comte
697 2924 732 2980 de
744 2925 878 2994 Poitiers,
892 2938 922 2982 ct
938 2925 1074 2980 huineme
1092 2939 1202 2978 comme
1218 2919 1269 2975 «luc

211 3003 400 3080 d‘Aquitainc,
421 3011 496 3082 puis,
515 3028 551 3067 en
571 3011 650 3082 1080,
669 3014 838 3084 Comtance,
860 3014 915 3071 fille
927 3015 965 3071 de
981 3013 1089 3071 Robert
1108 3013 1152 3080 1«,
1166 3010 1222 3066 due
1237 3007 1270 3065 de

210 3093 384 3171 Bourgognc.

244 3186 360 3243 suivant
370 3188 489 3245 l’antcur
501 3191 575 3247 dela
587 3194 630 3248 ric
643 3193 682 3248 du
695 3194 726 3251 B.
740 3194 836 3250 Simon
849 3195 884 3250 dc
896 3195 1007 3268 Creapi,
1023 3193 1064 3252 fils
1076 3193 1112 3248 de
1124 3189 1216 3247 naon
1228 3188 1268 3255 Π,

210 3289 300 3333 comte
318 3278 353 3334 de
373 3280 470 3354 Crespi
491 3293 519 3336 et
539 3281 574 3336 de
593 3282 703 3351 valois,
727 3283 934 3357 plusieura,soia
953 3283 1115 3339 mentionne
1134 3278 1275 3335 ci-dem-

210 3371 253 3439 (p.
278 3364 326 3422 113
344 3378 374 3422 et
395 3367 476 3438 168),
499 3370 659 3427 Guillaumc
677 3375 768 3428 anrait
786 3374 870 3428 voulu
888 3375 990 3428 marier
1008 3383 1080 3427 nette
1097 3369 1272 3443 princeuet

209 3457 315 3526 Simon,
329 3459 365 3513 de
377 3459 536 3533 preference
546 3465 561 3516 ὲ
571 3462 713 3536 Alph'onse
722 3469 776 3521 eta
789 3463 1050 3531 Roberthircard,
1064 3463 1113 3536 qui
1126 3459 1272 3515 l'auraient

208 3549 257 3603 fait
270 3547 422 3605 demander
438 3568 488 3623 par
503 3549 578 3606 leurs
591 3552 811 3621 ambassadenm
828 3555 897 3608 mais
912 3553 968 3609 cela
980 3563 1022 3608 est
1037 3552 1115 3618 saux,
1129 3566 1165 3604 an
1178 3549 1271 3604 moine

208 3655 280 3709 pour
291 3657 323 3692 ce
336 3640 385 3712 qui
395 3656 529 3696 concerne
542 3639 663 3711 Robert,
679 3645 765 3699 marie
777 3644 825 3700 dee
840 3637 1269 3716 1053a1‘herorquesigelgaioe,

208 3728 257 3802 qui
270 3727 310 3783 lui
324 3731 462 3785 surmont,

241 3819 280 3887 (1)
297 3817 374 3872 Nous
389 3835 542 3891 supponens
553 3839 607 3894 qne
619 3833 691 3877 cette
701 3825 839 3895 princesae
851 3842 879 3879 se
893 3823 976 3879 retira
989 3826 1005 3876 a
1020 3815 1270 3892 saint-legende·
1321 3858 1323 3862 -

207 3906 327 3973 Pre'aux,
340 3910 496 3962 monestere
512 3908 548 3963 de
564 3908 678 3965 semmes
691 3912 774 3967 fonde
785 3932 836 3986 par
850 3913 951 3969 Ouiroi
965 3911 1000 3966 de
1013 3909 1141 3974 Vicina,
1156 3908 1224 3980 pere
1236 3905 1271 3960 de

207 3996 307 4066 linger,
322 4007 351 4050 et
364 3998 470 4053 Aubrie
489 4018 517 4053 sa
538 4001 628 4067 mere,
643 4002 706 4073 puis
722 4004 829 4058 enrichi
843 4022 892 4076 par
910 4002 949 4056 les
967 4002 1037 4057 dona
1057 4000 1092 4055 de
1108 3999 1203 4072 Roget
1215 3996 1270 4051 lni-

203 4083 303 4137 meme.
318 4084 474 4140 Guillaurne
487 4086 521 4143 de
531 4090 547 4142 J
550 4089 671 4162 urniegcs
681 4091 801 4146 confond
815 4091 923 4146 Adeliae
933 4109 996 4145 avec
1007 4109 1034 4144 sa
1045 4106 1118 4143 soeur
1127 4085 1248 4159 Agathe.

239 4174 276 4241 (a)
296 4173 389 4244 Yoycz
401 4191 447 4229 sur
458 4194 488 4230 cc
501 4178 621 4250 mariage
634 4177 660 4234 le
670 4198 781 4252 passage
794 4180 928 4238 cedemus
936 4221 944 4248 ,
959 4198 985 4252 p.
999 4197 1059 4252 291,
1074 4178 1111 4232 nir
1124 4184 1204 4231 notre
1218 4189 1268 4228 au·
