2910 4980
190 430 300 509 [¹⁰⁶⁶]
566 423 684 487 num
705 423 884 486 renatus.
1203 427 1262 489 143

239 552 418 622 Praeterea
434 545 574 618 meritis
595 545 709 617 sancti
730 543 856 617 Judoci
876 543 990 615 multa
1007 544 1130 615 Parnis
1145 546 1263 618 mira-

190 664 271 739 cula
286 663 380 736 facta
400 676 485 735 sunt
495 715 506 750 ,
525 659 759 761 quotidieque
779 659 891 749 fiunt3
910 684 1068 759 quornm
1086 661 1264 736 nonnulla

188 783 324 881 scripta
341 794 446 870 sunt,
463 794 499 851 et
515 777 619 878 plura
634 804 699 877 per
716 778 893 849 incuriam
912 776 1103 850 scientium
1123 803 1185 850 seu
1198 806 1265 878 per

190 899 410 998 imperitiam
426 895 628 969 videntium
643 894 700 968 vel
717 909 951 992 expertorum
976 893 1120 968 silentio
1138 894 1266 969 occul-

190 1030 265 1089 tata
282 1027 378 1087 sunt.
403 1012 478 1085 Nos
493 1026 636 1100 autem,
658 1011 822 1112 quamvis
841 1011 908 1083 alia
924 1010 1060 1084 referre
1075 1011 1264 1086 festinare·

188 1157 285 1220 mus,
293 1156 405 1229 pauca
413 1128 457 1202 de
469 1144 516 1214 te,
525 1128 798 1216 sanctetudoce,
810 1126 967 1202 libenter
976 1130 1264 1228 perstrinximus,

189 1265 227 1325 et
242 1248 453 1322 charismata
472 1244 540 1318 tibi
560 1245 705 1318 coelitus
721 1245 800 1317 data
818 1245 902 1318 huic
920 1246 1094 1344 opusculo
1109 1247 1266 1320 inserui-

190 1393 271 1441 mus
282 1420 294 1455 ‚
314 1379 351 1439 et
373 1389 442 1464 pro
462 1362 612 1437 modulo
628 1364 813 1461 parvitatis
829 1378 965 1436 nostrae
987 1363 1116 1438 devote
1130 1367 1265 1440 attolli-

192 1508 288 1555 mus.
313 1483 465 1555 Oramus
489 1480 631 1578 itaque,
650 1480 806 1579 gloriose
829 1479 881 1552 fili
898 1481 992 1580 regis
1017 1481 1212 1555 Britonum
1229 1500 1267 1558 et

193 1623 343 1672 consors
360 1595 591 1696 angelornm,
621 1609 662 1666 ut
678 1619 746 1697 nos
770 1595 847 1669 Deo
865 1595 1094 1671 commendes
1116 1613 1266 1674 tuorum

193 1715 344 1790 efficacia
378 1712 614 1800 meritorum,
646 1709 880 1812 obtineasque
912 1711 1019 1785 nobis
1059 1715 1266 1789 societatem

194 1835 431 1918 Sanctorum,
450 1855 534 1901 cum
551 1827 683 1929 quibus
698 1830 983 1929 contemplantes
1002 1831 1041 1902 in
1054 1829 1183 1906 decore
1201 1859 1267 1907 suo

195 1964 394 2023 creatorem
421 1960 663 2033 cunctorum,
690 1946 762 2018 laeti
788 1946 1030 2019 collaudemus
1059 1974 1125 2046 per
1142 1953 1266 2023 omnia

195 2066 323 2139 saecula
342 2064 560 2139 seculorum.
573 2064 703 2136 Amen.

240 2183 344 2258 xlv.
366 2181 490 2255 Mense
501 2181 663 2280 Augusto
681 2179 854 2252 Heraldus
869 2180 1090 2255 Noricomm
1101 2208 1166 2257 rex
1183 2210 1267 2258 cum

197 2299 345 2374 Tostico
357 2298 542 2397 etingenti
551 2295 658 2370 classe
672 2297 888 2369 immensum
898 2298 1041 2398 pelagus
1055 2301 1218 2391 intravit,
1231 2317 1268 2374 et

197 2418 385 2518 Aparciate
395 2417 447 2515 (1)
458 2443 520 2489 seu
530 2416 642 2489 Borea
655 2414 765 2488 llante
779 2415 822 2487 ad
838 2416 1005 2516 Angliam
1021 2418 1208 2517 applicuit,
1231 2434 1268 2492 et

196 2533 460 2608 Eboracensem
472 2532 698 2631 provinciam
713 2532 881 2630 primitus
897 2533 1035 2605 invasit.
1054 2535 1170 2608 Porro
1186 2533 1268 2607 An·

195 2651 309 2751 glicus
325 2649 499 2723 lleraldus
512 2664 555 2720 ut
570 2647 847 2748 Northwigenas
860 2650 897 2720 in
908 2647 1075 2750 Angliam
1086 2651 1268 2727 advenisse

196 2767 351 2856 audivit,
376 2768 563 2867 Hastiugas
584 2782 621 2840 et
642 2766 929 2854 Penevesellum,
958 2752 1268 2868 aliosque’portus

196 2886 305 2958 maris
326 2885 503 2959 Neustriae
527 2883 733 2983 oppositos,
752 2911 844 2984 quos
862 2899 942 2957 toto
967 2902 1064 2958 anno
1093 2886 1156 2960 illo
1184 2914 1269 2961 cum

196 3004 321 3077 multis
338 3002 489 3075 navibus
502 3019 538 3076 et
547 2999 724 3074 militibus
737 3001 862 3075 callide
875 3019 1088 3092 servaverat,
1099 3004 1266 3105 reliquit,

197 3139 233 3198 et
254 3120 607 3222 Septentrionalibus
628 3120 838 3195 adversariis
857 3148 902 3194 ex
927 3122 1124 3220 improviso
1148 3151 1269 3197 emer-

197 3238 366 3341 gentibus
391 3237 605 3312 festinanter
631 3262 715 3310 cum
743 3239 905 3312 exercitu
922 3240 1069 3337 copioso
1091 3242 1265 3313 occurrit.

198 3355 336 3431 Deinde
347 3382 467 3456 pugna
481 3355 666 3455 utrimque
677 3356 849 3429 acerrima
860 3357 1045 3428 commissa
1060 3373 1129 3444 est,
1147 3358 1184 3428 in
1198 3385 1269 3457 qua

197 3473 332 3547 nimius
348 3473 489 3572 sanguis
507 3498 550 3546 ex
567 3488 719 3571 utraque
733 3487 836 3571 parte
854 3463 984 3546 ellusus
1001 3488 1070 3560 est,
1091 3489 1128 3545 et
1154 3475 1269 3547 innu-

199 3589 381 3664 merabilis
394 3589 584 3663 hominum
591 3587 731 3662 bestiali
749 3587 848 3662 rabie
858 3590 1059 3662 furentium
1071 3592 1269 3668 multitudo

199 3706 375 3781 trucidata
390 3721 456 3780 est.
471 3707 634 3805 Denique
650 3705 866 3779 instantibus
882 3707 1007 3808 Anglis
1025 3709 1173 3783 victoria
1192 3738 1271 3784 ces-

200 3824 265 3915 sit,
287 3839 325 3897 et
342 3822 516 3896 Heraldus
537 3823 758 3896 Noricorum
778 3849 841 3896 rex
865 3850 949 3896 cum
965 3824 1113 3899 Tostico
1134 3842 1171 3900 et
1193 3855 1270 3902 om-

232 4069 272 4140 (t)
291 4068 388 4123 Lisez:
404 4069 556 4140 Aparetia;
571 4077 631 4124 mot
641 4071 656 4122 a
668 4079 742 4134 mot,
757 4078 822 4123 vent
832 4067 867 4123 de
881 4068 992 4124 l’ourse.
1006 4101 1039 4111 —
1052 4071 1132 4127 (lette
1145 4073 1269 4131 invasion

202 4150 276 4206 n'eut
288 4150 346 4205 lieu
359 4151 442 4225 qu'au
457 4153 528 4206 rnois
541 4150 576 4207 de
587 4151 753 4225 septembre.
768 4152 808 4207 Ce
819 4151 863 4207 lut
873 4151 899 4207 le
911 4153 953 4208 roi
968 4153 1002 4208 de
1014 4153 1153 4228 Norwege
1163 4158 1213 4237 qui
1222 4176 1268 4213 ar-

202 4232 433 4388 vaoliplppppiffi
441 4239 456 4286 t
472 4232 680 4290 l’embouchure
689 4232 725 4290 de
739 4232 886 4307 l'llunber,
901 4237 937 4290 od
952 4236 1048 4292 Tostic
1066 4237 1126 4293 rint
1142 4237 1268 4296 d'Ecosse
