2910 4980
194 454 254 513 260
470 448 654 509 HISTORIA
676 449 981 511 ECCLESIASTICA.
1154 452 1262 532 [1074]

194 568 343 666 infecit,
368 595 474 668 quem
503 585 683 641 mortuum
705 570 903 642 Britannia
927 585 1004 641 tota
1027 572 1096 669 'pro
1123 573 1265 670 ingenti

190 685 372 784 probitate
397 683 580 783 ineffabili
607 685 709 757 luctu
735 684 878 784 deflevit
906 685 974 782 (t).
1001 685 1099 758 Hac
1124 700 1160 756 et
1185 687 1262 759 alio

193 802 310 874 multa
326 827 415 901 erga
434 816 612 900 cognatos
636 819 670 872 et
690 800 816 898 affines
838 827 923 874 suos
944 801 1080 875 scelera
1104 799 1263 875 Guillel-

193 948 273 994 mus
284 922 442 1019 peregit,
456 923 519 1018 qui
534 945 644 1021 super
654 945 722 991 nos
736 935 770 990 et
780 943 969 1019 compares
982 935 1123 992 nostras
1138 918 1263 992 adbuc

192 1037 330 1109 similia
348 1053 558 1138 perpetrare
578 1062 651 1108 non
671 1036 821 1108 desistit.
849 1035 982 1108 Nobile
1002 1061 1152 1135 regnum
1176 1038 1262 1109 Aa·

190 1154 281 1254 gliae
298 1171 425 1225 temere
442 1155 573 1227 inuasit
577 1209 591 1243 ,
612 1155 792 1253 genuinos
812 1153 972 1226 boemdcs
990 1154 1126 1253 injuste
1148 1156 1263 1228 truci·

193 1271 315 1360 daoit,
333 1270 395 1342 vel
411 1272 450 1342 in
466 1270 618 1342 exilium
630 1270 825 1343 crudeliter
832 1271 989 1373 pepulit.
1008 1270 1105 1344 Suos
1118 1297 1264 1370 quoquc

193 1388 397 1489 adjutores,
413 1413 483 1487 per
494 1413 585 1486 quos
598 1414 708 1488 super
719 1414 826 1461 omne
835 1398 951 1486 genus
964 1414 1069 1459 suum
1083 1387 1262 1461 sublima·

193 1522 249 1578 tus
266 1522 336 1595 est,
356 1530 429 1576 non
449 1521 487 1575 ut
510 1505 689 1578 decuisset
708 1504 920 1591 turmam,-
942 1504 1010 1578 sed
1030 1504 1173 1590 multis,
1200 1506 1263 1603 qui

193 1625 410 1720 sanguinem
427 1646 534 1692 suum
550 1625 588 1691 in
604 1626 681 1721 ejus
699 1621 867 1693 satellitio
875 1617 1076 1720 fuderunt,
1096 1622 1263 1720 ingratus

196 1739 313 1808 extitit
322 1790 332 1825 ,
352 1752 386 1807 et
398 1761 469 1837 pro
474 1735 626 1831 frivolis
642 1737 898 1811 occasionibus
914 1738 968 1808 ad
983 1753 1134 1809 mortem
1150 1762 1264 1835 usquc

193 1854 292 1924 velut
303 1852 421 1925 leostes
431 1854 567 1954 puniit.
585 1855 627 1926 V
625 1853 797 1926 ulneratis
815 1854 1011 1927 victoribus
1026 1855 1165 1926 steriles
1170 1851 1262 1951 jua-

193 1970 262 2042 dos
283 1985 318 2040 et
340 1969 494 2042 bostium
516 1971 801 2073 depopulatione
826 1971 1010 2043 desolatos
1030 1969 1202 2059 donavit,
1231 1986 1264 2042 et

194 2087 329 2160 eisdem
343 2087 575 2187 postmodum
591 2103 814 2160 restauratos
827 2088 985 2159 avaritia
1005 2101 1154 2184 cogente
1174 2082 1264 2158 abs-

195 2204 278 2276 tulit
294 2229 357 2276 seu
383 2207 584 2278 minoravit.
614 2203 791 2276 Omnibus
811 2205 923 2300 igitur
944 2220 996 2275 est
1017 2202 1125 2291 odio,
1152 2218 1210 2291 et,
1233 2202 1265 2273 si

191 2322 340 2421 periret,
356 2321 478 2394 multis
489 2339 581 2394 esset
594 2322 748 2419 gaudio.
762 2323 865 2394 Ecce
882 2323 1002 2420 major
1012 2346 1107 2422 pars
1121 2320 1265 2390 eaerei·

196 2457 252 2510 tus
268 2454 370 2510 trans
385 2455 536 2538 pontum
555 2455 728 2525 moratur,
753 2438 986 2536 assiduisque
1008 2436 1114 2509 bellis
1135 2442 1266 2507 acriter

195 2572 396 2657 occupatus
413 2555 603 2627 detinetur.
624 2555 743 2655 Angli
759 2582 829 2626 sua
845 2551 1072 2626 solummodo
1091 2577 1181 2624 rura
1201 2576 1264 2625 co·

197 2670 296 2757 lunt,·
308 2674 477 2743 conviviis
490 2688 523 2743 et
532 2670 796 2770 potationibus,
813 2696 886 2742 non
895 2666 1038 2769 praeliis
1048 2668 1243 2740 intendunt
1249 2701 1263 2753 ,·

196 2813 421 2887 summopere
437 2805 557 2858 tamen
566 2813 637 2887 pro
654 2811 802 2857 suorum
817 2785 931 2857 editio
943 2799 1140 2882 parentum
1155 2783 1265 2858 ultio-

198 2929 279 2975 nem
294 2902 418 2975 videre
437 2909 708 3002 concupiscunt.
730 2901 816 2973 Haec
833 2917 868 2972 et
887 2899 941 2972 his
959 2899 1086 2971 similia
1106 2901 1264 2976 seditiosi

199 3016 376 3106 dicentes,
407 3033 443 3089 et
471 3044 545 3091 sese
571 3018 615 3090 nd
646 3017 881 3115 concupitum
915 3014 1013 3089 nesus
1046 3016 1265 3091 omnimodis

200 3135 450 3222 cohortantes,
470 3133 684 3208 Guallevum
700 3132 991 3207 Northamtoniae
1021 3137 1194 3208 comitem
1222 3135 1265 3207 ad

234 3345 273 3413 (ι)
291 3342 357 3397 Ceci
368 3351 411 3396 cst
427 3360 527 3396 encore
545 3361 584 3395 un
601 3340 649 3396 des
661 3341 770 3394 metuite
784 3340 825 3394 les
836 3338 900 3411 plus
914 3356 1008 3412 graves
1021 3338 1105 3412 qu'on
1120 3339 1159 3393 ait
1169 3356 1265 3413 repro-

201 3432 265 3486 chc's
278 3434 293 3485 t
306 3429 475 3486 Guillaume.
488 3432 585 3486 Conan
599 3431 642 3498 11,
659 3428 714 3483 duc
725 3428 760 3483 de
772 3429 908 3502 Brettgne
920 3427 1114 3498 (solo-1066),
1128 3426 1266 3501 voyantle

201 3522 296 3593 psince
309 3519 445 3575 nosmand
456 3522 519 3593 prin
531 3520 565 3575 de
578 3521 665 3593 partis
674 3537 738 3575 avec
751 3529 841 3575 tontes
850 3514 892 3575 εἷς
903 3519 991 3574 forces
1005 3518 1150 3575 mititare
1160 3516 1265 3593 pourls

201 3612 337 3684 conquiste
350 3611 385 3666 de
404 3610 600 3684 l'Angleterco,
618 3610 714 3665 voulut
730 3609 845 3683 profiter
857 3609 893 3665 de
906 3620 979 3664 cette
994 3611 1185 3667 circonstanoe
1196 3628 1267 3685 pons

200 3700 270 3753 taire
294 3718 348 3752 une
369 3700 490 3753 invasion
510 3717 545 3754 en
569 3697 845 3754 Basso-Narmandie.
870 3699 893 3752 Il
917 3697 1006 3771 pamlt
1029 3717 1084 3773 que
1104 3696 1266 3755 Guillnume

202 3791 351 3863 n'imagina
360 3791 421 3844 rien
435 3789 470 3844 de
480 3791 572 3845 mieux
585 3810 656 3862 pour
666 3808 747 3862 parer
758 3791 773 3844 t
786 3808 818 3845 ee
833 3788 947 3862 danger,
960 3807 1015 3862 que
1027 3789 1063 3844 de
1076 3789 1146 3844 saise
1159 3789 1265 3863 empui-

203 3897 304 3932 sonncr
316 3877 354 3933 les
368 3889 446 3951 gants
459 3889 488 3933 et
501 3878 527 3932 le
540 3890 637 3933 coenet
650 3879 684 3934 do
695 3880 792 3935 Conon
801 3897 852 3951 par
864 3897 904 3932 uu
913 3878 948 3933 de
961 3896 1002 3933 ses
1013 3877 1204 3933 chambellans
1216 3877 1265 3952 qui

203 3969 274 4021 avait
286 3967 333 4020 des
348 3979 433 4022 terres
442 3985 477 4021 en
488 3967 666 4022 Normandie.
681 3969 762 4023 Cette
774 3978 866 4022 atroce
879 3968 1068 4022 combinaison
1080 3977 1131 4021 eut
1140 3985 1183 4021 un
1194 3966 1265 4041 pleis

204 4058 305 4109 succis.
321 4057 435 4109 Suisant
448 4055 596 4128 l’tipitaphe
616 4056 651 4110 de
663 4057 774 4124 Conan,
794 4055 813 4109 il
827 4076 862 4111 ne
875 4058 958 4111 serait
976 4067 1050 4111 mort
1060 4073 1117 4129 que
1130 4054 1158 4110 le
1175 4075 1203 4109 n
1219 4054 1265 4109 de'·

205 4144 326 4209 commo,
342 4164 373 4198 ce
382 4147 431 4218 qui
442 4145 599 4199 somblerait
608 4145 739 4219 indiquer
750 4132 806 4218 qui
819 4144 859 4200 les
870 4145 946 4201 effeto
959 4145 997 4200 du
1010 4145 1107 4217 poison
1124 4162 1164 4199 no
1173 4144 1266 4199 fumat

204 4250 252 4303 pas
266 4230 428 4287 immediato.
450 4234 556 4305 Voyeu‚
572 4251 619 4307 sur
636 4243 679 4288 oet
693 4235 962 4305 empoisonnement,
982 4231 1007 4287 le
1023 4231 1221 4289 continuamus
1231 4228 1265 4283 dc

205 4322 363 4376 Guiltaume
377 4324 411 4378 ‹le
424 4326 562 4395 lisiniiges
576 4324 609 4395 (l.
626 4343 676 4393 vu,
693 4325 772 4397 chap.
788 4320 843 4393 55).
