2910 4980
188 406 297 484 [1074]
531 444 535 449 -
565 401 681 462 LIBER
703 401 897 476 QUARTUS.
1198 405 1253 465 261

189 521 415 621 colloquium
429 519 650 602 accersiunt,
670 534 707 589 ct
721 517 843 588 multis
856 543 938 589 eum
950 517 1065 589 modis
1082 530 1257 590 tentantes

192 637 273 709 talia
294 650 471 736 promunt
492 664 500 704 :
526 635 626 706 Ecce
643 626 876 736 peroptatum
895 650 1053 732 tempus,
1074 660 1097 704 o
1119 651 1260 706 strenue

192 754 264 840 uir,
285 750 392 825 mado
405 749 531 837 vides,
551 765 590 820 ut
605 749 671 821 tibi
686 740 872 853 recuperes
889 764 1075 848 eaemptos
1091 748 1256 840 bonores,

191 887 227 942 et
244 869 411 968 accipias
429 869 572 968 injuriis
589 864 656 937 tibi
670 858 786 964 nuper
800 865 913 937 illatis
929 864 1073 938 debitas
1091 866 1256 940 ultiones.

192 984 402 1083 Adquiesce
424 982 527 1055 nobis
549 999 584 1052 et
605 981 846 1054 indesinenter
870 981 1032 1068 inboere;
1058 999 1092 1054 et
1117 985 1260 1055 tertiam

188 1119 334 1203 partem
350 1101 501 1200 Anglicc
523 1100 710 1173 nobiscum
730 1104 807 1172 sine
823 1101 935 1172 dubio
951 1103 1091 1201 poteris
1113 1100 1257 1174 babere.

201 1220 374 1291 Volumus
392 1221 487 1290 enim
506 1235 544 1288 ut
558 1235 674 1291 status
695 1223 796 1314 regni
812 1218 982 1291 Albiortis
1000 1218 1263 1318 redintegretur

190 1338 430 1422 omnimodis,
448 1338 542 1408 sicut
555 1333 726 1435 alimfuit
742 1352 898 1436 tempore
914 1337 1091 1409 Eduardi
1100 1339 1263 1438 piissimi

192 1457 301 1552 regis.
320 1453 421 1525 Unus
438 1479 486 1523 ea·
502 1452 607 1525 nobis
623 1458 669 1525 sit
683 1479 766 1542 rea,
783 1470 817 1524 et
832 1452 904 1525 duo
919 1457 992 1526 sint
1004 1453 1141 1542 duces,-
1157 1473 1192 1527 et
1206 1458 1261 1529 sic

191 1570 298 1644 nobis
312 1570 423 1642 tribus
434 1596 558 1642 omnes
569 1569 725 1668 Anglici
733 1569 973 1670 subjicientur
981 1570 1142 1643 bonores.
1159 1571 1262 1644 Guil-

192 1689 321 1763 lelmus
331 1691 524 1761 innumeris
537 1688 706 1761 bellorum
715 1687 941 1789 ponderibus
952 1706 1051 1761 trans
1061 1714 1261 1789 mareprae-

189 1821 366 1903 gravatus
381 1821 456 1893 est,
484 1823 520 1875 et
536 1831 604 1904 pro
631 1821 726 1877 carto
744 1809 875 1876 scimus
897 1804 999 1902 quod
1020 1808 1058 1875 in
1082 1804 1261 1900 Angliam

189 1921 343 1992 ulterius
358 1920 538 1992 rediturus
556 1938 707 1992 nonest.
726 1922 760 1991 E
754 1922 802 2020 ja
819 1921 952 1992 nobilis
969 1920 1091 2007 beros,
1111 1920 1261 1994 causid-

193 2053 250 2110 tus
267 2036 416 2110 observa
433 2037 497 2109 tibi
513 2038 705 2135 generique
726 2053 784 2107 tuo
800 2036 1130 2123 commodissimos,
1153 2042 1261 2108 omni·

193 2180 264 2252 que
276 2155 380 2253 genti
396 2171 488 2242 tua,
505 2180 587 2253 qtae
600 2169 789 2250 prostrata
806 2169 881 2242 cst,
900 2153 1120 2250 salutiferos.

242 2270 427 2367 wallevus
449 2272 636 2369 respondit
656 2301 664 2341 ι
687 2271 863 2342 Maxima
887 2272 926 2341 in
952 2269 1086 2342 talibus
1109 2274 1260 2367 negotiis

192 2389 341 2460 cautela
359 2391 567 2460 necessan'a
591 2403 662 2476 est,
688 2402 721 2457 et
747 2389 889 2484 integra
909 2384 1012 2483 fides
1032 2391 1071 2459 in
1092 2387 1259 2459 omnibus

190 2504 360 2603 gentibus
386 2503 433 2576 ab
453 2506 555 2576 omni
572 2502 712 2575 bomine
732 2503 882 2576 domino
904 2529 969 2575 suo
989 2504 1169 2575 servanda
1192 2521 1256 2577 est.

189 2618 409 2693 ‚Guillelmus
424 2620 616 2717 recfidem
633 2645 766 2708 meam,
787 2635 826 2690 ut
843 2620 966 2719 major
980 2646 1006 2691 a
1016 2619 1168 2706 minori,
1175 2623 1262 2714 jure

194 2739 345 2835 recepit,
362 2762 409 2808 ac
425 2752 463 2806 ut
477 2739 513 2807 ei
525 2762 665 2836 semper
663 2734 795 2826 fidelis
807 2739 995 2808 existerem
1001 2792 1014 2824 ,
1029 2741 1067 2806 in
1080 2737 1262 2810 matrimo-

192 2855 296 2924 nium
312 2852 400 2924 mibi
418 2869 560 2952 neptem
584 2878 688 2924 suam
709 2852 903 2951 copularit.
926 2853 1157 2953 Locupletem
1176 2881 1262 2954 quo-

194 2995 263 3068 que
278 2974 488 3043 comitatum
507 2968 597 3040 mibi
612 2970 777 3058 donauit,
797 2986 830 3041 et
847 2971 939 3043 inter
952 2997 1039 3043 suos
1045 2972 1260 3065 familiares

194 3088 360 3161 conuiuas
376 3088 657 3158 connumeravit.
679 3087 729 3156 Et
745 3102 846 3159 tanto
859 3088 1022 3186 principi
1032 3088 1189 3186 qualiter
1202 3090 1261 3160 in-

186 3202 290 3303 fidus
316 3229 392 3274 csse
413 3228 565 3301 queam,
592 3205 663 3274 nisi
678 3206 826 3304 penitus
847 3204 992 3283 mentiri
1016 3203 1126 3275 velim
1139 3204 1260 3303 fidem

195 3319 344 3393 meam?
362 3320 407 3390 In
424 3318 548 3391 multis
567 3335 674 3390 notus
691 3345 770 3391 sum
788 3317 1013 3414 regionibus,
1032 3335 1067 3389 ιι
1085 3344 1260 3420 magnum

194 3434 308 3535 (quod
325 3434 441 3533 absit)
448 3435 520 3535 siet
536 3434 715 3522 dedecus,
733 3437 769 3508 si
776 3435 927 3537 publice
942 3433 1108 3530 dirutger
1122 3452 1161 3507 ut
1173 3463 1261 3537 pro-

151 3566 154 3571 “
194 3552 295 3626 ditor
313 3552 526 3650 sacrilegus.
549 3552 745 3650 Nusquam
770 3551 817 3622 de
845 3550 1018 3622 traditore
1042 3550 1138 3623 bona
1166 3544 1260 3626 ean-

194 3672 242 3743 tio
253 3685 405 3743 cantata
416 3686 478 3743 est.
496 3670 628 3742 Omnes
636 3684 761 3769 gentes
774 3684 980 3768 apostatam
993 3684 1027 3739 et
1037 3668 1261 3770 proditorem

193 3790 289 3861 sicut
306 3787 434 3887 lupum
450 3789 693 3875 maledicunt,
715 3804 748 3858 et
770 3784 965 3886 suspendio
982 3787 1135 3886 dignum
1149 3789 1262 3887 judi-

193 3918 281 3977 cant
297 3920 331 3974 et
349 3906 558 4004 opprimunt
564 3937 581 3989 ;
600 3920 633 3974 ιι
650 3908 681 3975 si
684 3901 771 4002 jbrs
789 3918 859 3991 est,
872 3900 1038 4003 patibula
1053 3929 1135 3974 cum
1145 3902 1260 3977 dede-

193 4046 297 4107 core,
315 4019 508 4121 multisque
520 4019 665 4121 probris
679 4019 843 4124 affigunt.
864 4018 1084 4121 Acbitopbel
1095 4037 1129 4090 et
1140 4021 1259 4095 ludas

195 4137 404 4209 traditionis
423 4137 541 4208 scelus
558 4140 759 4210 machinati
771 4152 872 4225 sunt,
889 4137 1046 4236 parique
1058 4141 1261 4239 suspensio·
