2926 4980
130 408 338 485 [rosana]
506 405 622 466 tisun
643 404 820 467 rennos.
924 420 926 424 ³
1153 410 1194 469 aa

182 523 279 595 idern
295 522 334 592 in
347 522 467 620 primo
482 547 580 596 anno
591 524 646 594 sui
662 523 846 623 regiminis
860 522 958 624 (quia
972 538 1074 595 retus
1085 525 1195 599 eccle·

130 641 195 729 sia,
206 665 315 740 quam
328 655 470 711 sanctus
484 637 658 711 Ebrulfus
670 654 937 727 constituerat,
951 665 1055 738 parva
1071 656 1108 714 et
1118 667 1195 714 rus·

131 755 240 827 ticani
263 755 381 854 operis
400 755 501 852 erat)
527 755 709 855 ingentem
727 750 910 826 basilicam
932 755 1063 854 insigni
1085 781 1194 857 opere

129 873 264 970 coepit,
285 897 395 972 quam
417 870 613 945 inhonore
633 871 845 943 sanctaellei
866 871 1049 970 genitricis
1071 872 1195 947 Mariae

131 1008 359 1075 construere,
385 989 579 1091 multisque
601 1004 806 1062 sanctorum
831 988 1002 1060 altaribus
1025 991 1195 1088 ampliare

130 1105 302 1183 demerit.
326 1106 418 1180 Nam
440 1122 590 1206 propter
612 1104 779 1205 reliquias
800 1122 1030 1197 sanctorum,
1050 1132 1133 1208 quae
1155 1108 1193 1180 in

129 1223 241 1296 veteri
259 1223 403 1297 ecclesia
419 1219 643 1321 temporibus
660 1223 770 1294 sancti
784 1221 926 1295 Ebrulfi
943 1222 1097 1296 conditae
1108 1241 1194 1298 sunt

130 1341 347 1440 [acdeorum
358 1341 457 1414 nomi
463 1367 520 1428 na,
532 1339 588 1413 vel
600 1356 709 1440 gesta,
722 1366 783 1412 seu
792 1339 867 1413 loca
881 1340 1114 1440 depositionis
1126 1366 1194 1442 pro

127 1456 342 1558 antiquitate
359 1457 572 1555 ignorantur
583 1454 629 1527 ab
645 1454 699 1527 his
711 1457 774 1555 qui
792 1457 1001 1556 supersunt]
1018 1457 1194 1557 disposuit

126 1597 261 1646 novam
272 1574 385 1645 aedem
398 1588 470 1643 tam
483 1596 646 1670 maguam
659 1569 789 1660 lacere,
800 1587 840 1642 ut
853 1588 1027 1645 vetustam
1039 1574 1194 1647 omnino

129 1687 389 1777 circumdaret,
415 1703 452 1761 et
476 1713 553 1760 ossa
578 1714 639 1761 seu
659 1687 835 1760 mausolea
862 1705 1090 1777 sanctornm,
1110 1713 1193 1789 quse

128 1802 264 1879 ibidem
278 1803 411 1893 latent,
426 1829 565 1903 semper
578 1802 778 1878 honorifice
791 1805 1008 1878 contineret.
1023 1806 1091 1879 Sed
1106 1833 1195 1906 pro-

129 1919 228 1995 cellis
242 1920 518 1994 tribulationum
528 1918 822 1993 incumbentibus
832 1947 964 1995 cessare
976 1922 1021 1995 ab
1032 1922 1194 2024 incoepto

127 2061 238 2137 opere
259 2052 402 2112 coactus
426 2048 499 2126 cst,
523 2038 622 2137 quod
647 2036 767 2109 nullus
793 2062 1036 2112 successorum
1056 2042 1131 2138 ejus
1153 2067 1194 2114 ea

128 2178 296 2227 mensura
312 2155 371 2228 vel
394 2154 522 2228 ordine
545 2179 607 2227 seu
628 2152 731 2241 loco,
749 2177 823 2253 quo
844 2153 918 2252 ipse
934 2153 1193 2244 destinaverat,

127 2272 300 2372 prosequi
319 2298 422 2344 ausus
439 2287 505 2345 est.

178 2388 289 2462 Anno
301 2388 347 2460 ab
364 2389 611 2462 incarnatione
625 2388 770 2461 Domini
785 2398 890 2462 ut1x⁰
904 2388 1102 2464 indictione
1115 2403 1194 2463 xni·

129 2505 306 2577 ilenricus
323 2529 388 2576 rex
400 2504 622 2577 francorum
635 2518 718 2603 post
735 2502 864 2575 multas
884 2502 1099 2601 probitates,
1114 2507 1195 2605 qui·

127 2619 196 2693 bns
212 2623 252 2694 in
269 2647 382 2720 regno
399 2620 555 2720 gloriose
568 2620 702 2718 viguit,
721 2618 909 2717 potionem
926 2645 945 2690 a
961 2618 1100 2693 Joanne
1116 2646 1196 2693 me-

125 2734 211 2810 dico
224 2736 436 2810 Carnotensi
444 2789 456 2825 ,
471 2735 534 2836 qui
551 2760 594 2807 ex
610 2749 742 2808 eventu
756 2731 892 2806 Surdus
911 2735 1197 2835 cognominaba-

128 2866 204 2942 tur,
224 2880 288 2953 spe
309 2853 485 2954 longioris
507 2866 545 2928 et
567 2853 718 2925 sanioris
735 2851 820 2923 vitae
842 2851 992 2949 accepit.
1021 2851 1091 2926 Sed
1111 2855 1196 2955 quia

127 2984 218 3044 voto
238 2995 304 3043 suo
322 2972 433 3068 magis
454 2994 561 3071 quam
579 2982 763 3068 praecepto
785 2965 954 3040 archiatri
978 2964 1198 3042 obsecunda·

128 3083 204 3173 rit,
224 3099 262 3158 et
284 3111 429 3186 aquam,
450 3083 537 3156 dum
555 3109 696 3158 veneno
715 3083 871 3155 rimante
894 3083 1066 3156 interiora
1088 3085 1196 3156 nimis

129 3217 337 3302 augeretur,
353 3202 444 3273 clam
461 3227 479 3271 a
499 3198 721 3275 cubiculario
736 3198 859 3272 sitiens
876 3200 1059 3297 poposcit,
1078 3198 1196 3273 medi-

130 3342 248 3418 coque
263 3318 452 3416 ignorante
467 3332 551 3390 ante
564 3317 816 3418 purgationem
829 3312 946 3388 bibit:
960 3317 1053 3414 proh
1070 3314 1194 3390 dolor!

132 3435 170 3506 in
183 3435 476 3507 crastinnmcnm
489 3459 621 3536 magno
632 3432 835 3507 multorum
846 3456 1005 3505 moerore
1015 3431 1110 3506 obiit
1128 3439 1139 3525 (
1165 3432 1194 3530 ).

131 3550 278 3651 Sceptra
310 3553 532 3627 Francorum
561 3550 731 3651 Philippo
756 3549 832 3623 filio
869 3573 958 3637 suo,
982 3548 1043 3648 qui
1082 3546 1196 3621 adbuc

130 3665 329 3767 puerilibus
357 3669 460 3741 annis
484 3664 733 3753 detinebatur,
751 3663 925 3764 reliquit,
959 3678 996 3736 et
1020 3662 1196 3737 Balduino

130 3780 402 3856 Flandrensinm
427 3783 508 3855 duci
534 3806 686 3880 puerum
711 3804 794 3851 cum
810 3803 925 3878 regno
943 3778 987 3849 ad
1004 3776 1195 3851 tutandum

130 3898 409 3971 commendavit.
428 3895 640 4000 Hnjnsmodi
656 3895 767 3970 tutela
781 3908 886 3969 tanto
898 3892 980 3967 duci
993 3893 1086 3968 bene
1098 3920 1196 3970 com-

167 4158 207 4225 (ι)
220 4157 260 4211 Ce
274 4157 370 4229 prinae
385 4174 420 4211 ne
433 4166 548 4211 mourut
558 4172 652 4229 paren
668 4152 749 4228 1059,
766 4156 835 4210 mais
848 4152 875 4209 le
886 4151 998 4227 aquom
1013 4150 1089 4207 1060.
