2926 4980
193 425 255 484 222
471 422 655 484 HISTORIA
678 420 984 483 tcctttsltsrlcs.
1159 421 1269 501 [ton]

195 541 409 616 comitatum
433 539 651 616 Northwici.
673 541 819 640 Hugoni
844 550 930 616 vcro
955 539 1000 614 de
1021 536 1271 612 Grentemais·

195 657 286 733 nilio
320 657 584 755 municipatum
619 659 859 757 legrecestre
886 658 943 756 (t)
979 655 1268 743 commendarim

195 773 344 872 aliisque
362 770 547 845 nobilibus
563 772 650 843 viris
666 771 908 870 municipatus
924 769 1073 842 urbium
1084 784 1124 844 et
1139 771 1272 869 prsesi·

195 887 298 960 datus
317 915 399 959 cum
422 887 560 987 maguis
577 885 780 962 honoribus
802 903 839 961 et
861 885 1100 986 potestatibus
1119 886 1271 986 provide

196 1001 394 1076 distribuit.
414 1005 573 1077 Henrico
588 1001 813 1078 Gualcbelini
832 1003 1070 1076 deFermriis
1094 1003 1172 1076 filio
1189 1028 1272 1076 cas-

196 1135 295 1192 trum
313 1120 549 1195 stutesburiae
572 1121 630 1218 (2)
651 1120 769 1220 (quod
792 1120 898 1221 Hugo
921 1120 967 1193 de
983 1120 1153 1194 Abriocis
1170 1122 1272 1220 prins

198 1237 382 1334 tenuerat)
405 1237 601 1324 concessit,
624 1237 773 1336 aliisque
790 1237 953 1325 advenis,
973 1236 1039 1336 qui
1058 1235 1129 1308 sibi
1144 1235 1273 1312 cote·

198 1371 337 1443 serant,
353 1379 501 1454 magnos
515 1369 551 1426 et
563 1353 699 1426 multos
716 1353 873 1426 bonores
888 1349 1064 1438 contulit3
1078 1369 1117 1425 et
1132 1354 1174 1427 iu
1187 1368 1272 1425 tsn-

198 1487 277 1544 tum
295 1470 469 1572 quosdam
485 1470 671 1568 provexit,
694 1484 736 1542 ut
753 1470 889 1544 multos
914 1471 953 1542 in
971 1468 1099 1569 Anglia
1118 1467 1273 1542 ditiora

199 1602 236 1663 et
247 1589 471 1686 potentiores
484 1584 660 1660 baberent
672 1585 833 1675 clientes,
849 1612 959 1686 quam
969 1610 1095 1659 sorum
1109 1585 1148 1658 in
1163 1575 1273 1660 Neut-

200 1706 268 1778 tria
283 1704 429 1778 fuerant
447 1720 625 1803 parentes.

248 1820 347 1919 Quid
360 1820 489 1920 loquar
500 1819 544 1894 de
557 1818 685 1894 Odone
699 1820 908 1894 Baiocasino
920 1819 1073 1918 praesule
1081 1872 1092 1908 ,
1108 1819 1171 1920 qui
1185 1844 1275 1895 oon·

199 1939 254 2013 sul
270 1938 450 2037 palatinus
465 1952 562 2024 erat,
578 1952 615 2009 et
633 1935 769 2037 ubique
784 1938 924 2009 cunctis
940 1937 1081 2036 Angtiae
1097 1936 1276 2010 habitato·

198 2056 300 2129 ribus
316 2052 556 2130 formidabilis
573 2070 668 2142 erat,
679 2080 724 2126 ac
739 2054 852 2127 veluti
869 2053 1045 2127 secundus
1059 2079 1125 2126 rex
1142 2053 1274 2152 passim

195 2176 276 2272 jura
290 2172 421 2247 dabat?
431 2173 681 2271 Principamm
698 2197 806 2270 super
818 2192 944 2244 omnes
956 2170 1273 2271 comitcset'regei

199 2292 390 2390 optimates
409 2289 553 2379 babuit,
573 2305 712 2363 etcum
733 2289 907 2364 thesauris
925 2283 1166 2389 antiquorum
1180 2287 1275 2362 ssen-

200 2411 288 2482 tiam
306 2412 362 2508 (3)
385 2409 557 2508 possedit,
584 2410 621 2480 in
645 2434 715 2507 qua
734 2406 947 2506 jamdudum
971 2406 1196 2480 AEdilbertus
1218 2406 1274 2479 h·-

199 2527 344 2599 minrici
380 2524 499 2614 filius,
532 2523 693 2598 Eadbald
722 2539 759 2597 et
788 2522 1046 2596 Ercomhertus
1073 2538 1110 2596 et
1132 2521 1274 2624 Egbert

199 2661 309 2745 atque
327 2642 494 2718 botheris
507 2640 622 2716 freter
639 2644 713 2740 ejus
736 2655 981 2741 regnaverunt
995 2641 1072 2738 (4),
1092 2639 1274 2740 primique

201 2789 329 2858 regum
357 2759 600 2860 Angloruma
629 2757 813 2859 discipulis
837 2755 1004 2859 Gregorii
1034 2783 1137 2859 papae
1167 2754 1275 2832 fidem

199 2877 335 2950 Christi
353 2888 604 2975 susceperunt,
622 2891 658 2948 ct
678 2873 811 2947 divinae
835 2874 920 2974 legis
941 2872 1195 2949 observatione
1212 2898 1275 2974 ps-

201 2994 325 3066 rennis
342 2993 426 3063 vitae
444 2990 608 3063 bravium
631 2993 777 3064 mercati
803 3008 902 3063 sunt.
924 2991 1124 3080 Permixta,
1142 2991 1183 3063 ni
1206 2989 1274 3063 ht-

201 3110 272 3200 lor,
299 3111 336 3182 in
362 3108 432 3184 hoc
447 3110 529 3182 tiro
546 3109 632 3181 vitia
653 3125 757 3182 erant
770 3135 856 3181 eum
875 3107 1072 3181 virtutibus
1083 3137 1094 3197 ς
1115 3108 1179 3182 sed
1194 3108 1273 3209 plus

200 3225 394 3299 mundanis
404 3222 605 3297 inhaerehat
618 3223 835 3312 actionibus,
845 3251 955 3325 quam
967 3223 1163 3327 spiritualis
1176 3224 1273 3298 theo·

201 3345 266 3416 riae
284 3342 569 3415 charismatibus.
586 3340 763 3414 Coenobia
780 3357 989 3416 sanctorum
1001 3339 1101 3414 valde
1114 3368 1271 3444 conque·

201 3473 335 3531 runtur
360 3457 459 3560 quod
485 3457 598 3529 multa
626 3456 676 3529 eis
707 3456 787 3530 0d0
813 3456 1029 3531 detrimenta
1054 3456 1209 3547 fecerit,
1237 3471 1270 3530 et

236 3788 275 3857 (ι)
293 3784 439 3839 Leicester.

236 3889 275 3958 (α)
294 3885 445 3957 Tutsbury,
460 3885 566 3940 densis
581 3890 672 3942 comte
684 3888 720 3943 de
732 3886 861 3944 stafford.

236 3988 275 4061 (3)
293 3992 331 4045 Le
344 3991 435 4044 comte
450 3987 485 4044 de
498 3990 580 4044 Kent.

237 4097 276 4163 (t)
296 4080 454 4158 suelteri,
476 4092 517 4147 uu
536 4091 749 4150 uttermenrict
769 4089 935 4167 (sp-616„
957 4089 1080 4146 ussum
1102 4089 1267 4163 (seso),

202 4179 365 4236 ssr00mbert
379 4179 536 4251 (fitoffitt
551 4181 655 4254 Egbert
668 4178 825 4255 (tou-673),
839 4181 971 4235 totusue
981 4176 1133 4255 (ossus).
