2926 4980
281 394 320 452 aa
559 389 742 451 nisronn
764 387 1069 452 accimusnci.
1142 396 1349 477 [roei-aona]

282 510 442 583 Ansi'ridi
460 508 732 582 Pratellensium
750 507 890 581 abbatis
910 526 947 583 et
972 510 1164 585 Lanfranci
1189 514 1349 589 Beecen-

282 629 373 699 aium
392 624 550 725 prioris,
579 624 801 724 aliarumque
828 651 1063 723 personarum
1091 627 1349 729 ecclesiastiea-

280 771 365 816 rum
390 741 593 817 Osbernum
620 742 917 816 Cormeliensium
946 744 1106 845 priorem
1131 773 1151 818 a
1175 747 1348 826 Rainerio

280 859 409 934 abbate
426 862 566 933 Sanctae
586 860 776 932 Trinitatis
800 860 846 934 de
866 861 993 936 Monte
1012 864 1202 964 Rotomagi
1221 868 1349 967 requi-

280 977 385 1064 sivit,
399 976 503 1077 eique
520 975 575 1048 nil
593 974 662 1047 tale
677 975 869 1075 suspicanti
886 1002 951 1075 per
965 975 1169 1051 cambutam
1186 982 1347 1056 Maurilii

278 1090 534 1189 archiepiscopi
555 1091 593 1162 in
614 1091 757 1190 synodo
771 1091 1025 1191 Rotomagensi
1050 1119 1172 1165 euram
1192 1095 1347 1172 Uticen-

279 1210 325 1281 sis
338 1207 777 1281 abbatiaecommendavit.
790 1206 927 1283 Deinde
935 1211 1041 1309 Hugo
1053 1216 1347 1313 episeopusjusau

277 1325 378 1399 ducis
387 1352 469 1398 eum
480 1324 642 1398 Pratellis
651 1324 811 1414 adduxit,
825 1325 948 1427 ibique
959 1325 1094 1418 subito,
1102 1331 1346 1423 nescientibus

277 1444 463 1516 monacbis
488 1442 609 1514 Sancti
637 1440 795 1530 Ebrulfi,
818 1439 991 1517 abbatem
1020 1446 1261 1537 consecravit,
1287 1474 1346 1523 se·

277 1585 432 1660 eumque
451 1576 573 1658 postea
590 1559 739 1647 Uticum
758 1559 926 1649 adduxit,
948 1548 985 1635 et
1003 1564 1143 1635 moestis
1167 1549 1346 1640 Uticensi·

277 1674 345 1749 bus
372 1702 416 1750 ex
446 1675 600 1774 imperio
626 1666 726 1746 ducis
752 1676 937 1773 imposuit.
965 1676 1022 1748 llli
1050 1694 1170 1751 autem
1195 1681 1344 1779 ancipiti

275 1792 483 1866 discrimine
500 1791 634 1864 anxiati
651 1806 749 1863 sunt.
768 1790 861 1863 Nam
879 1792 1022 1866 vivente
1037 1793 1166 1869 abbate
1182 1822 1262 1885 suo,
1280 1798 1343 1898 qni

276 1909 463 2010 praefatam
480 1907 664 1982 ecclesiam
679 1905 891 1981 funibverat
902 1961 913 1996 ,
935 1934 1065 2010 eosque
1087 1912 1132 1983 ad
1152 1912 1345 1987 monacha-

277 2041 357 2099 tum
377 2039 600 2125 susceperat,
619 2039 654 2096 et
676 2023 753 2096 sine
772 2021 1022 2122 probabilibus
1043 2027 1159 2125 'culpis
1179 2054 1255 2103 non
1278 2054 1344 2129 per

270 2143 447 2244 judicium
468 2141 622 2244 synodi,
644 2140 704 2212 sed
727 2165 793 2239 per
815 2141 1045 2241 tyrannidem
1066 2143 1223 2218 furentis
1244 2144 1344 2219 Mar-

276 2260 365 2334 chisi
390 2261 447 2360 (ι)
476 2257 652 2357 expulsus·
670 2256 809 2344 suerat,
835 2256 949 2329 alium
973 2256 1139 2332 abbatem
1166 2256 1344 2361 suscipere

271 2375 508 2465 dubitabant,
526 2398 592 2445 nec
607 2371 724 2471 palam
744 2373 903 2446 refutare
920 2388 1073 2473 propter
1086 2375 1187 2449 ducis
1204 2377 1343 2451 animo·

272 2496 415 2567 sitatem
434 2489 623 2565 audebant.
643 2488 804 2561 Tandem
824 2491 978 2564 consilio
998 2491 1161 2591 praedicti
1180 2494 1343 2592 praesulis

269 2614 457 2714 elegerunt
476 2609 549 2708 pati
565 2607 797 2695 violentiam,
817 2610 999 2710 gratisque
1018 2608 1105 2685 dato
1125 2609 1192 2684 sibi
1211 2613 1341 2712 magis·

273 2748 331 2806 tro
353 2727 522 2804 exhibere
548 2724 809 2814 obedientiam,
834 2729 928 2799 nesi
950 2734 1027 2801 sine
1045 2730 1136 2828 jugo
1158 2755 1344 2828 permane·

272 2864 373 2935 rent,
392 2846 458 2919 Dei
474 2843 701 2918 offenderent
713 2845 933 2942 potentiam,
949 2860 985 2919 et
1002 2845 1047 2918 ad
1058 2845 1340 2923 destructionem

273 2964 406 3039 novelli
428 2960 589 3036 coenobii
611 2962 813 3062 grauiorem
829 2959 930 3034 ducis
949 2960 1246 3049 contradicendo
1234 2966 1341 3049 exti-

272 3097 392 3156 tarent
410 3078 1230 3153 antevolentiam.1

321 3199 437 3269 Porro
460 3192 637 3268 Erualdus
658 3193 702 3266 de
723 3193 930 3267 Esealsoio
921 3194 1090 3327 injuriam
1110 3132 1340 3271 'exbaeredita-

273 3315 384 3388 tionis
397 3337 470 3384 suae
485 3336 545 3384 act
547 3312 617 3384 iter
628 3309 847 3401 vindicabat,
860 3325 896 3384 et
913 3311 1062 3410 rapinis,
1076 3310 1339 3413 incendiitque,

275 3430 537 3528 hominumque
560 3427 716 3526 capturis
742 3426 799 3500 vel
820 3425 1059 3500 occisionibus
1086 3428 1340 3502 Lexoviensem

274 3574 408 3649 pagum
425 3573 490 3647 per
504 3545 704 3619 triennium
720 3543 943 3645 inquietabat
962 3544 1032 3644 (a).
1053 3543 1214 3638 Quadam
1233 3561 1342 3620 1100oe

314 3875 355 3944 (ι)
368 3873 405 3927 Le
414 3870 469 3924 duc
479 3867 650 3924 Guillaume.

314 3965 341 4035 (a
326 3961 454 4032 aNotre)
467 3967 567 4012 auteur
582 3976 597 4011 a
611 3955 722 4030 neglige
740 3957 775 4013 de
788 3976 858 4013 nous
872 3957 1003 4032 indiquer
1015 3959 1051 4015 de
1063 3960 1128 4035 quel
1142 3962 1221 4034 point
1231 3960 1343 4017 Ernaud

282 4053 308 4106 d’
312 4043 469 4106 Echansour
482 4047 594 4119 ponvait
603 4046 672 4100 faire
681 4064 726 4100 ces
734 4047 905 4113 incursions,
919 4050 988 4103 mais
1000 4067 1070 4105 nous
1080 4069 1193 4106 verrom
1206 4051 1268 4124 plus
1281 4052 1342 4108 tard

281 4160 336 4215 que
349 4138 441 4194 c'etait
451 4136 487 4193 de
500 4135 654 4206 Courville,
669 4139 734 4210 pres
745 4139 886 4194 chartres.
901 4140 989 4212 Apris
1002 4140 1078 4197 avoir
1089 4139 1232 4216 diatim&
1244 4142 1344 4199 cides-
