2910 4980
191 428 252 490 334
462 426 646 488 HISTORIA
668 424 974 488 ECCLESleTlCA.

190 564 229 620 et
245 544 434 620 nobilitate
450 546 700 619 Romanorum
715 547 828 619 Roma
847 546 1032 632 exierunt,
1052 559 1089 619 et
1106 544 1255 620 fiducia-

192 666 276 738 liter
292 662 444 739 verbum
461 665 524 739 Dei
542 663 775 763 praedicantes
792 690 859 764 per
875 663 1006 738 Gallias
1021 663 1142 738 diffusi
1159 683 1253 739 sunt.

195 784 300 854 Tunc
317 781 513 877 Quintinus
533 778 738 870 Ambianis,
759 795 796 855 et
813 782 992 854 Luciacus
1008 783 1160 881 expetiit
1177 783 1256 858 Bel-

193 926 340 989 vacnm,
359 917 396 974 et
412 900 590 973 Mallonus
608 925 690 973 cum
707 898 880 972 Asiciano
898 914 935 972 et
951 897 1167 998 quibusdam
1184 899 1257 973 aliis

194 1017 332 1091 idoneis
346 1018 431 1089 viris
450 1017 718 1117 Rotomagum(
743 1017 773 1114 ).

243 1134 469 1210 Diocletiano
500 1150 537 1208 et
570 1135 741 1210 Herculio
770 1136 989 1209 Maximiano
1021 1137 1123 1235 regni
1153 1136 1258 1212 fasces

195 1265 324 1349 sponte
348 1248 632 1349 deponentibus,
653 1251 885 1324 Constantius
905 1253 962 1323 vir
983 1276 1126 1352 magnae
1146 1251 1259 1326 cisili-

197 1366 278 1439 tatis
301 1367 456 1464 suscepit
480 1367 672 1465 imperium
698 1368 737 1439 in
758 1366 924 1440 Occiduis
952 1365 1135 1466 partibus,
1163 1366 1260 1469 quod

196 1481 409 1582 deposuerat
426 1481 628 1555 Herculius.
649 1483 680 1555 ls
697 1509 777 1582 erga
797 1482 960 1557 homines
977 1483 1091 1555 multa
1109 1484 1263 1559 clemen·

198 1599 266 1685 tia,
283 1622 365 1696 erga
382 1597 497 1669 Deum
513 1620 600 1670 vero
613 1597 787 1698 religione
803 1597 973 1671 utebatur
989 1600 1157 1672 maxima.
1176 1599 1263 1672 Nam

198 1741 316 1815 neque
344 1741 388 1788 ex
413 1715 586 1788 consortii
616 1714 716 1789 rabie
744 1717 807 1815 (ut
837 1718 1061 1791 Caesariensis
1089 1715 1265 1792 Eusebius

198 1830 348 1931 allegat)
365 1856 519 1931 regnum
535 1857 640 1904 suum
656 1832 801 1930 piorum
817 1834 989 1933 sanguine
1007 1821 1263 1921 maculaverat,

198 1972 317 2047 neque
338 1948 547 2020 orationum
562 1946 691 2022 domus
713 1963 751 2021 et
765 1949 1015 2023 conventicula
1034 1948 1267 2024 Christicola-

200 2089 282 2135 rum
303 2064 365 2162 (ut
382 2064 619 2138 Maximianus
643 2064 797 2163 fecerat)
824 2064 944 2140 bostili
966 2067 1167 2140 vastatione
1189 2063 1268 2142 det·

200 2196 375 2254 truserat.
398 2181 521 2253 Hicin
540 2181 706 2255 Neustria
726 2182 908 2258 civitatem
924 2182 1106 2272 condidit,
1125 2208 1267 2286 qoama

235 2495 274 2567 (ι)
291 2493 371 2549 Saint
388 2493 530 2562 Quentin,
546 2501 651 2564 martyr
662 2509 698 2547 en
713 2492 899 2548 vermandois
912 2490 959 2565 (31
975 2493 1089 2549 octobre
1102 2492 1187 2569 287l5
1200 2492 1270 2549 nint

201 2585 319 2651 Lucien,
335 2583 433 2657 apdtre
444 2582 480 2638 de
497 2581 627 2637 beauvais
640 2584 715 2654 (vers
728 2581 754 2637 la
774 2583 864 2638 meme
876 2585 999 2657 epoqne)
1006 2606 1014 2651 ;
1035 2583 1108 2638 saint
1119 2581 1269 2648 Valet-len,

200 2673 488 2748 martyrtTournus‚
504 2670 530 2727 le
546 2670 577 2726 15
590 2670 746 2744 septembre
765 2688 830 2747 ¹79³
845 2671 918 2726 saint
931 2669 1030 2739 Rufin,
1045 2679 1153 2744 martyr
1165 2666 1270 2726 dauale

200 2765 310 2820 diocese
320 2764 355 2818 de
368 2763 507 2829 Soissons,
525 2778 586 2816 vers
598 2761 665 2835 2873
680 2760 752 2815 saint
765 2761 891 2833 ungens,
904 2770 1011 2833 martyr
1023 2764 1039 2816 a
1050 2759 1134 2815 Deuil
1147 2775 1185 2815 en
1193 2759 1271 2815 Pati·

201 2856 252 2923 sis,
264 2873 300 2910 au
313 2863 355 2908 ιιιο
368 2853 459 2909 siecle.
471 2852 618 2907 Peut-dtre
627 2870 662 2907 an
675 2851 731 2906 lieu
745 2850 781 2906 de
793 2852 866 2907 saint
875 2851 1008 2908 Valerieu
1017 2850 1209 2907 decons-nont
1220 2849 1271 2907 tin

201 2945 275 3000 saint
287 2942 402 3009 Valere,
417 2958 592 3014 compagnon
604 2939 639 2995 de
655 2941 727 2996 saint
738 2940 835 2997 Rufin.
850 2940 897 2997 On
911 2960 947 2997 ne
959 2941 1071 2997 connalt
1085 2958 1135 3015 pas
1151 2939 1270 3014 pretist·

201 3039 280 3090 ment
290 3033 442 3108 l’epoquea
454 3029 572 3106 laquelle
583 3029 654 3085 saint
663 3028 766 3086 Mellon
776 3032 837 3086 rint
848 3028 965 3104 prdcber
973 3026 1117 3105 l’evangile
1129 3032 1147 3085 a
1160 3026 1268 3085 Rouen.

202 3127 278 3180 Tout
287 3140 318 3178 oe
330 3122 415 3197 qu'on
428 3120 479 3175 mit
489 3118 588 3188 delui,
602 3119 670 3174 c’est
682 3119 751 3193 qu’il
763 3138 798 3174 en
809 3120 853 3175 lut
867 3119 893 3176 le
908 3120 1030 3194 premier
1038 3118 1153 3194 apbtre,
1166 3116 1271 3194 etqu¹il

202 3225 318 3272 mourut
329 3222 409 3268 amnt
424 3209 492 3278 314,
511 3209 575 3265 date
586 3209 626 3264 du
640 3209 745 3266 concile
758 3209 866 3266 d’Arles
877 3212 916 3266 od
933 3212 1024 3286 elegea
1037 3227 1089 3266 aon
1101 3224 1269 3267 socco-em.

203 3308 299 3377 Quant
313 3309 329 3359 a
342 3302 470 3367 celui-ci,
484 3300 524 3356 les
540 3300 703 3356 documenta
717 3301 767 3374 qui
786 3300 811 3355 le
825 3310 994 3356 concement
1006 3319 1035 3357 se
1052 3301 1226 3357 reduisentb
1242 3315 1270 3355 ι

203 3394 387 3467 souscription
400 3408 453 3446 aux
465 3399 538 3445 actes
552 3388 587 3445 de
597 3399 670 3445 cette
680 3389 842 3456 assemblee,
858 3408 963 3463 conque
972 3388 1041 3444 dans
1052 3388 1092 3445 les
1104 3399 1209 3444 termes
1216 3386 1270 3443 mi·

202 3495 281 3539 vants
294 3506 301 3538 ι

237 3576 281 3631 De
290 3573 433 3645 pronuncia
444 3569 613 3636 Galb'arum,
624 3569 734 3622 civitate
741 3567 959 3640 Rotomagensis
970 3565 1131 3621 Avrds‘anus
1139 3565 1271 3621 Rotom-

203 3667 297 3741 gensis
311 3664 469 3734 eyn'scopus,¹
480 3658 608 3713 Nicetius
620 3655 765 3711 diaeonus.

237 3756 314 3810 Tous
326 3750 365 3806 les
377 3758 512 3821 martyres
524 3747 594 3802 dont
603 3764 674 3801 nous
686 3764 789 3801 venons
798 3745 833 3802 de
846 3743 967 3819 signaler
976 3744 1002 3799 la
1013 3744 1092 3812 date,
1102 3751 1206 3798 eurent
1216 3739 1272 3798 lieu

203 3856 283 3901 assant
302 3842 327 3897 la
346 3840 465 3895 dixidme
486 3837 677 3911 persecution,
699 3837 747 3910 qni
768 3853 803 3891 ne
825 3836 868 3890 snt
889 3833 1106 3909 regulierement
1127 3829 1273 3906 organis&

202 3938 286 4012 qu'en
296 3931 358 3989 303.
373 3931 451 3986 Ainsi
462 3928 481 3983 il
491 3938 533 3982 est
544 3929 653 3982 inexact
667 3927 702 3982 de
713 3926 774 3982 dire
786 3944 841 4001 que
851 3945 882 3980 ce
895 3926 939 3980 sut
952 3936 1024 3981 cette
1036 3924 1215 3998 persecutiou
1224 3921 1272 3997 qui

203 4024 301 4079 deoida
313 4022 353 4076 les
366 4021 451 4074 saints
469 4016 644 4071 mentionnds
661 4015 797 4071 ci-dessus
813 4018 829 4069 a
849 4015 955 4088 quitter
967 4014 1057 4069 Rome
1069 4030 1143 4086 pour
1156 4010 1272 4086 prdeber
1304 4028 1310 4038 ·

202 4111 345 4186 l'dvangile
357 4109 426 4164 dans
438 4108 477 4162 les
488 4105 603 4162 Gaules.
617 4104 641 4159 ll
653 4115 696 4160 est
709 4103 840 4178 probable
852 4121 907 4178 qne
920 4104 993 4159 saint
1004 4101 1109 4158 Mellon
1121 4100 1269 4156 lui-meme
1300 4121 1310 4147 ε

203 4203 272 4257 avait
281 4200 441 4254 commence
454 4214 496 4252 ses
509 4206 621 4251 travaux
631 4195 817 4269 apostoliques
829 4203 909 4250 urant
919 4193 944 4248 la
958 4193 1045 4249 liudo
1059 4200 1101 4247 nr·
1110 4191 1202 4249 strete.
