<?xml version="1.0" encoding="UTF-8"?>
<!DOCTYPE html PUBLIC "-//W3C//DTD XHTML 1.0 Transitional//EN"
    "http://www.w3.org/TR/xhtml1/DTD/xhtml1-transitional.dtd">
<html xmlns="http://www.w3.org/1999/xhtml" xml:lang="en" lang="en">
 <head>
  <title>
</title>
<meta http-equiv="Content-Type" content="text/html;charset=utf-8" />
  <meta name='ocr-system' content='tesseract 3.04.00' />
  <meta name='ocr-capabilities' content='ocr_page ocr_carea ocr_par ocr_line ocrx_word'/>
</head>
<body>
  <div class='ocr_page' id='page_1' title='image "./ordericivitalis01deligoog_0155.png"; bbox 0 0 2910 4980; ppageno 0'>
   <div class='ocr_carea' id='block_1_1' title="bbox 195 415 1263 503">
    <p class='ocr_par' dir='ltr' id='par_1_1' title="bbox 195 415 1263 503">
     <span class='ocr_line' id='line_1_1' title="bbox 195 415 1263 503; baseline 0.001 -22"><span class='ocrx_word' id='word_1_1' title='bbox 195 419 254 481; x_wconf 75' lang='lat' dir='ltr'><strong>tls</strong></span> <span class='ocrx_word' id='word_1_2' title='bbox 470 416 655 479; x_wconf 78' lang='lat' dir='ltr'><strong>HISTORIA</strong></span> <span class='ocrx_word' id='word_1_3' title='bbox 675 415 981 478; x_wconf 73' lang='lat' dir='ltr'><strong>ncctnsnsthl.</strong></span> <span class='ocrx_word' id='word_1_4' title='bbox 1056 418 1263 503; x_wconf 77' lang='lat' dir='ltr'><strong>[lost-nos]</strong></span> 
     </span>
    </p>
   </div>
   <div class='ocr_carea' id='block_1_2' title="bbox 193 533 1269 3436">
    <p class='ocr_par' dir='ltr' id='par_1_2' title="bbox 193 533 1266 1573">
     <span class='ocr_line' id='line_1_2' title="bbox 193 533 1264 639; baseline 0.001 -28"><span class='ocrx_word' id='word_1_5' title='bbox 193 534 386 611; x_wconf 82' lang='lat' dir='ltr'><strong>clientibus</strong></span> <span class='ocrx_word' id='word_1_6' title='bbox 406 534 547 608; x_wconf 84' lang='lat' dir='ltr'><strong>Radulli</strong></span> <span class='ocrx_word' id='word_1_7' title='bbox 568 535 612 608; x_wconf 92' lang='lat' dir='ltr'><strong>de</strong></span> <span class='ocrx_word' id='word_1_8' title='bbox 630 533 813 623; x_wconf 88' lang='lat' dir='ltr'><strong>Caldreio,</strong></span> <span class='ocrx_word' id='word_1_9' title='bbox 833 537 896 636; x_wconf 89' lang='lat' dir='ltr'><strong>qui</strong></span> <span class='ocrx_word' id='word_1_10' title='bbox 914 551 1003 609; x_wconf 88' lang='lat' dir='ltr'><strong>tunc</strong></span> <span class='ocrx_word' id='word_1_11' title='bbox 1020 540 1194 639; x_wconf 89' lang='lat' dir='ltr'><strong>temporis</strong></span> <span class='ocrx_word' id='word_1_12' title='bbox 1210 540 1264 613; x_wconf 92' lang='lat' dir='ltr'><strong>in·</strong></span> 
     </span>
     <span class='ocr_line' id='line_1_3' title="bbox 194 649 1261 752; baseline 0.002 -26"><span class='ocrx_word' id='word_1_13' title='bbox 194 671 252 726; x_wconf 77' lang='lat' dir='ltr'><strong>ter</strong></span> <span class='ocrx_word' id='word_1_14' title='bbox 268 652 468 752; x_wconf 80' lang='lat' dir='ltr'><strong>praecipuos</strong></span> <span class='ocrx_word' id='word_1_15' title='bbox 494 650 625 723; x_wconf 87' lang='lat' dir='ltr'><strong>milites</strong></span> <span class='ocrx_word' id='word_1_16' title='bbox 646 649 845 724; x_wconf 74' lang='lat' dir='ltr'>habebatur</span> <span class='ocrx_word' id='word_1_17' title='bbox 871 651 909 724; x_wconf 95' lang='lat' dir='ltr'><strong>in</strong></span> <span class='ocrx_word' id='word_1_18' title='bbox 932 653 1092 726; x_wconf 86' lang='lat' dir='ltr'><strong>exercitu</strong></span> <span class='ocrx_word' id='word_1_19' title='bbox 1107 653 1261 729; x_wconf 85' lang='lat' dir='ltr'><strong>Gallico.</strong></span> 
     </span>
     <span class='ocr_line' id='line_1_4' title="bbox 195 766 1265 870; baseline 0.005 -27"><span class='ocrx_word' id='word_1_20' title='bbox 195 770 301 843; x_wconf 88' lang='lat' dir='ltr'><strong>Miles</strong></span> <span class='ocrx_word' id='word_1_21' title='bbox 320 769 438 866; x_wconf 84' lang='lat' dir='ltr'><strong>itaque</strong></span> <span class='ocrx_word' id='word_1_22' title='bbox 462 766 631 866; x_wconf 85' lang='lat' dir='ltr'><strong>praefatns</strong></span> <span class='ocrx_word' id='word_1_23' title='bbox 645 767 707 839; x_wconf 86' lang='lat' dir='ltr'><strong>tali</strong></span> <span class='ocrx_word' id='word_1_24' title='bbox 724 768 843 868; x_wconf 83' lang='lat' dir='ltr'><strong>praeda</strong></span> <span class='ocrx_word' id='word_1_25' title='bbox 860 768 962 843; x_wconf 85' lang='lat' dir='ltr'><strong>valde</strong></span> <span class='ocrx_word' id='word_1_26' title='bbox 977 772 1117 870; x_wconf 83' lang='lat' dir='ltr'><strong>gavisus</strong></span> <span class='ocrx_word' id='word_1_27' title='bbox 1133 787 1207 861; x_wconf 85' lang='lat' dir='ltr'><strong>est,</strong></span> <span class='ocrx_word' id='word_1_28' title='bbox 1228 788 1265 848; x_wconf 89' lang='lat' dir='ltr'><strong>et</strong></span> 
     </span>
     <span class='ocr_line' id='line_1_5' title="bbox 194 883 1265 986; baseline 0.002 -27"><span class='ocrx_word' id='word_1_29' title='bbox 194 889 233 958; x_wconf 88' lang='lat' dir='ltr'><strong>in</strong></span> <span class='ocrx_word' id='word_1_30' title='bbox 246 883 520 959; x_wconf 89' lang='lat' dir='ltr'><strong>ecclesiaSancti</strong></span> <span class='ocrx_word' id='word_1_31' title='bbox 535 883 682 955; x_wconf 87' lang='lat' dir='ltr'><strong>Martini</strong></span> <span class='ocrx_word' id='word_1_32' title='bbox 700 911 720 954; x_wconf 92' lang='lat' dir='ltr'><strong>a</strong></span> <span class='ocrx_word' id='word_1_33' title='bbox 737 884 950 985; x_wconf 86' lang='lat' dir='ltr'><strong>presbytero</strong></span> <span class='ocrx_word' id='word_1_34' title='bbox 969 902 1006 959; x_wconf 88' lang='lat' dir='ltr'><strong>et</strong></span> <span class='ocrx_word' id='word_1_35' title='bbox 1017 885 1265 986; x_wconf 70' lang='lat' dir='ltr'><strong>parrochianis</strong></span> 
     </span>
     <span class='ocr_line' id='line_1_6' title="bbox 194 1001 1264 1105; baseline 0.003 -28"><span class='ocrx_word' id='word_1_36' title='bbox 194 1003 350 1077; x_wconf 84' lang='lat' dir='ltr'><strong>studiose</strong></span> <span class='ocrx_word' id='word_1_37' title='bbox 364 1002 577 1076; x_wconf 91' lang='lat' dir='ltr'><strong>collocatum</strong></span> <span class='ocrx_word' id='word_1_38' title='bbox 593 1016 644 1074; x_wconf 90' lang='lat' dir='ltr'><strong>est</strong></span> <span class='ocrx_word' id='word_1_39' title='bbox 653 1055 666 1093; x_wconf 91' lang='lat'><strong><em>,</em></strong></span> <span class='ocrx_word' id='word_1_40' title='bbox 672 1005 817 1102; x_wconf 88' lang='lat' dir='ltr'><strong>jamque</strong></span> <span class='ocrx_word' id='word_1_41' title='bbox 830 1001 963 1077; x_wconf 82' lang='lat' dir='ltr'><strong>ibidem</strong></span> <span class='ocrx_word' id='word_1_42' title='bbox 975 1004 1056 1104; x_wconf 88' lang='lat' dir='ltr'><strong>plus</strong></span> <span class='ocrx_word' id='word_1_43' title='bbox 1067 1032 1178 1105; x_wconf 86' lang='lat' dir='ltr'><strong>quam</strong></span> <span class='ocrx_word' id='word_1_44' title='bbox 1189 1030 1264 1081; x_wconf 82' lang='lat' dir='ltr'><strong>txx</strong></span> 
     </span>
     <span class='ocr_line' id='line_1_7' title="bbox 195 1117 1266 1222; baseline 0.001 -28"><span class='ocrx_word' id='word_1_45' title='bbox 195 1122 298 1194; x_wconf 86' lang='lat' dir='ltr'><strong>annis</strong></span> <span class='ocrx_word' id='word_1_46' title='bbox 309 1117 563 1192; x_wconf 89' lang='lat' dir='ltr'><strong>venerabiliter</strong></span> <span class='ocrx_word' id='word_1_47' title='bbox 575 1134 756 1192; x_wconf 82' lang='lat' dir='ltr'><strong>servatum</strong></span> <span class='ocrx_word' id='word_1_48' title='bbox 766 1134 831 1192; x_wconf 91' lang='lat' dir='ltr'><strong>est.</strong></span> <span class='ocrx_word' id='word_1_49' title='bbox 847 1121 1040 1194; x_wconf 75' lang='lat' dir='ltr'><strong>Innumero</strong></span> <span class='ocrx_word' id='word_1_50' title='bbox 1056 1120 1146 1193; x_wconf 90' lang='lat' dir='ltr'><strong>inibi</strong></span> <span class='ocrx_word' id='word_1_51' title='bbox 1157 1146 1266 1222; x_wconf 87' lang='lat' dir='ltr'><strong>super</strong></span> 
     </span>
     <span class='ocr_line' id='line_1_8' title="bbox 195 1232 1266 1336; baseline 0.003 -28"><span class='ocrx_word' id='word_1_52' title='bbox 195 1236 360 1309; x_wconf 92' lang='lat' dir='ltr'><strong>infirmos</strong></span> <span class='ocrx_word' id='word_1_53' title='bbox 377 1232 549 1306; x_wconf 87' lang='lat' dir='ltr'><strong>miracula</strong></span> <span class='ocrx_word' id='word_1_54' title='bbox 566 1234 658 1305; x_wconf 88' lang='lat' dir='ltr'><strong>lacta</strong></span> <span class='ocrx_word' id='word_1_55' title='bbox 684 1249 770 1305; x_wconf 88' lang='lat' dir='ltr'><strong>sunt</strong></span> <span class='ocrx_word' id='word_1_56' title='bbox 780 1287 791 1322; x_wconf 90' lang='lat'><strong><em>,</em></strong></span> <span class='ocrx_word' id='word_1_57' title='bbox 813 1250 849 1307; x_wconf 91' lang='lat' dir='ltr'><strong>et</strong></span> <span class='ocrx_word' id='word_1_58' title='bbox 865 1261 977 1334; x_wconf 85' lang='lat' dir='ltr'><strong>usque</strong></span> <span class='ocrx_word' id='word_1_59' title='bbox 1003 1235 1109 1309; x_wconf 87' lang='lat' dir='ltr'><strong>hodie</strong></span> <span class='ocrx_word' id='word_1_60' title='bbox 1124 1262 1266 1336; x_wconf 81' lang='lat' dir='ltr'><strong>prome·</strong></span> 
     </span>
     <span class='ocr_line' id='line_1_9' title="bbox 195 1351 1266 1452; baseline 0 -25"><span class='ocrx_word' id='word_1_61' title='bbox 195 1369 298 1428; x_wconf 89' lang='lat' dir='ltr'><strong>rente</strong></span> <span class='ocrx_word' id='word_1_62' title='bbox 315 1352 519 1451; x_wconf 88' lang='lat' dir='ltr'><strong>petentium</strong></span> <span class='ocrx_word' id='word_1_63' title='bbox 535 1351 605 1424; x_wconf 84' lang='lat' dir='ltr'><strong>fide</strong></span> <span class='ocrx_word' id='word_1_64' title='bbox 614 1352 673 1449; x_wconf 90' lang='lat' dir='ltr'><strong>(ut</strong></span> <span class='ocrx_word' id='word_1_65' title='bbox 690 1366 765 1425; x_wconf 89' lang='lat' dir='ltr'><strong>tota</strong></span> <span class='ocrx_word' id='word_1_66' title='bbox 781 1352 945 1425; x_wconf 86' lang='lat' dir='ltr'><strong>vicinitas</strong></span> <span class='ocrx_word' id='word_1_67' title='bbox 961 1353 1175 1452; x_wconf 87' lang='lat' dir='ltr'><strong>adtestatur)</strong></span> <span class='ocrx_word' id='word_1_68' title='bbox 1188 1353 1266 1427; x_wconf 83' lang='lat' dir='ltr'><strong>fre·</strong></span> 
     </span>
     <span class='ocr_line' id='line_1_10' title="bbox 196 1469 469 1573; baseline -0.015 -29"><span class='ocrx_word' id='word_1_69' title='bbox 196 1487 350 1573; x_wconf 88' lang='lat' dir='ltr'><strong>quenter</strong></span> <span class='ocrx_word' id='word_1_70' title='bbox 363 1469 469 1541; x_wconf 88' lang='lat' dir='ltr'><strong>fiunt.</strong></span> 
     </span>
    </p>

    <p class='ocr_par' dir='ltr' id='par_1_3' title="bbox 194 1585 1269 3436">
     <span class='ocr_line' id='line_1_11' title="bbox 245 1585 1266 1687; baseline 0.001 -25"><span class='ocrx_word' id='word_1_71' title='bbox 245 1591 297 1662; x_wconf 87' lang='lat' dir='ltr'><strong>De</strong></span> <span class='ocrx_word' id='word_1_72' title='bbox 314 1585 547 1659; x_wconf 86' lang='lat' dir='ltr'><strong>translatione</strong></span> <span class='ocrx_word' id='word_1_73' title='bbox 569 1586 658 1657; x_wconf 88' lang='lat' dir='ltr'><strong>sacri</strong></span> <span class='ocrx_word' id='word_1_74' title='bbox 683 1586 863 1684; x_wconf 89' lang='lat' dir='ltr'><strong>corporis,</strong></span> <span class='ocrx_word' id='word_1_75' title='bbox 883 1610 992 1687; x_wconf 88' lang='lat' dir='ltr'><strong>quam</strong></span> <span class='ocrx_word' id='word_1_76' title='bbox 1018 1585 1180 1661; x_wconf 81' lang='lat' dir='ltr'><strong>breviter</strong></span> <span class='ocrx_word' id='word_1_77' title='bbox 1208 1586 1266 1663; x_wconf 87' lang='lat' dir='ltr'><strong>bic</strong></span> 
     </span>
     <span class='ocr_line' id='line_1_12' title="bbox 196 1700 1267 1803; baseline 0.003 -27"><span class='ocrx_word' id='word_1_78' title='bbox 196 1704 306 1778; x_wconf 93' lang='lat' dir='ltr'><strong>modo</strong></span> <span class='ocrx_word' id='word_1_79' title='bbox 324 1702 528 1801; x_wconf 80' lang='lat' dir='ltr'><strong>tetigimus,</strong></span> <span class='ocrx_word' id='word_1_80' title='bbox 550 1700 647 1774; x_wconf 85' lang='lat' dir='ltr'><strong>etde</strong></span> <span class='ocrx_word' id='word_1_81' title='bbox 666 1702 832 1801; x_wconf 84' lang='lat' dir='ltr'><strong>plurimis</strong></span> <span class='ocrx_word' id='word_1_82' title='bbox 849 1729 932 1803; x_wconf 85' lang='lat' dir='ltr'><strong>quae</strong></span> <span class='ocrx_word' id='word_1_83' title='bbox 948 1705 1074 1776; x_wconf 87' lang='lat' dir='ltr'><strong>Parnis</strong></span> <span class='ocrx_word' id='word_1_84' title='bbox 1087 1730 1267 1803; x_wconf 82' lang='lat' dir='ltr'><strong>provene-</strong></span> 
     </span>
     <span class='ocr_line' id='line_1_13' title="bbox 194 1817 1266 1908; baseline 0.002 -14"><span class='ocrx_word' id='word_1_85' title='bbox 194 1836 284 1895; x_wconf 90' lang='lat' dir='ltr'><strong>runt</strong></span> <span class='ocrx_word' id='word_1_86' title='bbox 311 1819 540 1892; x_wconf 88' lang='lat' dir='ltr'><strong>infirmorum</strong></span> <span class='ocrx_word' id='word_1_87' title='bbox 563 1817 791 1908; x_wconf 87' lang='lat' dir='ltr'><strong>sanitatibus,</strong></span> <span class='ocrx_word' id='word_1_88' title='bbox 814 1821 1026 1894; x_wconf 89' lang='lat' dir='ltr'><strong>Merulensis</strong></span> <span class='ocrx_word' id='word_1_89' title='bbox 1052 1821 1266 1896; x_wconf 87' lang='lat' dir='ltr'><strong>Willermus</strong></span> 
     </span>
     <span class='ocr_line' id='line_1_14' title="bbox 194 1934 1264 2037; baseline 0.003 -27"><span class='ocrx_word' id='word_1_90' title='bbox 194 1934 408 2012; x_wconf 77' lang='lat' dir='ltr'><strong>venerabilis</strong></span> <span class='ocrx_word' id='word_1_91' title='bbox 424 1934 622 2008; x_wconf 82' lang='lat' dir='ltr'><strong>monachus</strong></span> <span class='ocrx_word' id='word_1_92' title='bbox 637 1952 674 2008; x_wconf 92' lang='lat' dir='ltr'><strong>et</strong></span> <span class='ocrx_word' id='word_1_93' title='bbox 696 1935 857 2009; x_wconf 88' lang='lat' dir='ltr'><strong>sacerdos</strong></span> <span class='ocrx_word' id='word_1_94' title='bbox 878 1939 1059 2037; x_wconf 81' lang='lat' dir='ltr'><strong>egregium</strong></span> <span class='ocrx_word' id='word_1_95' title='bbox 1084 1938 1264 2013; x_wconf 85' lang='lat' dir='ltr'><strong>dictamen</strong></span> 
     </span>
     <span class='ocr_line' id='line_1_15' title="bbox 194 2051 1266 2152; baseline -0.001 -24"><span class='ocrx_word' id='word_1_96' title='bbox 194 2054 326 2142; x_wconf 85' lang='lat' dir='ltr'><strong>edidit,</strong></span> <span class='ocrx_word' id='word_1_97' title='bbox 354 2053 483 2152; x_wconf 89' lang='lat' dir='ltr'><strong>inquo</strong></span> <span class='ocrx_word' id='word_1_98' title='bbox 499 2054 673 2125; x_wconf 82' lang='lat' dir='ltr'><strong>veraciter</strong></span> <span class='ocrx_word' id='word_1_99' title='bbox 690 2067 725 2126; x_wconf 90' lang='lat' dir='ltr'><strong>et</strong></span> <span class='ocrx_word' id='word_1_100' title='bbox 749 2051 952 2126; x_wconf 80' lang='lat' dir='ltr'><strong>luculenter</strong></span> <span class='ocrx_word' id='word_1_101' title='bbox 965 2055 1011 2127; x_wconf 87' lang='lat' dir='ltr'><strong>de</strong></span> <span class='ocrx_word' id='word_1_102' title='bbox 1028 2055 1130 2126; x_wconf 90' lang='lat' dir='ltr'><strong>miris</strong></span> <span class='ocrx_word' id='word_1_103' title='bbox 1156 2080 1266 2129; x_wconf 86' lang='lat' dir='ltr'><strong>even-</strong></span> 
     </span>
     <span class='ocr_line' id='line_1_16' title="bbox 196 2168 1265 2270; baseline 0.003 -28"><span class='ocrx_word' id='word_1_104' title='bbox 196 2169 292 2243; x_wconf 87' lang='lat' dir='ltr'><strong>tibus</strong></span> <span class='ocrx_word' id='word_1_105' title='bbox 306 2169 350 2242; x_wconf 85' lang='lat' dir='ltr'><strong>ad</strong></span> <span class='ocrx_word' id='word_1_106' title='bbox 360 2196 456 2242; x_wconf 82' lang='lat' dir='ltr'><strong>sacra</strong></span> <span class='ocrx_word' id='word_1_107' title='bbox 469 2196 543 2244; x_wconf 87' lang='lat' dir='ltr'><strong>ossa</strong></span> <span class='ocrx_word' id='word_1_108' title='bbox 557 2170 664 2268; x_wconf 81' lang='lat' dir='ltr'><strong>gestis</strong></span> <span class='ocrx_word' id='word_1_109' title='bbox 679 2168 858 2244; x_wconf 84' lang='lat' dir='ltr'><strong>disseruit.</strong></span> <span class='ocrx_word' id='word_1_110' title='bbox 873 2170 1058 2270; x_wconf 87' lang='lat' dir='ltr'><strong>Philippus</strong></span> <span class='ocrx_word' id='word_1_111' title='bbox 1074 2198 1140 2245; x_wconf 87' lang='lat' dir='ltr'><strong>rex</strong></span> <span class='ocrx_word' id='word_1_112' title='bbox 1155 2172 1265 2245; x_wconf 80' lang='lat' dir='ltr'><strong>Fruu-</strong></span> 
     </span>
     <span class='ocr_line' id='line_1_17' title="bbox 195 2285 1265 2374; baseline 0.003 -14"><span class='ocrx_word' id='word_1_113' title='bbox 195 2313 322 2362; x_wconf 90' lang='lat' dir='ltr'><strong>corum</strong></span> <span class='ocrx_word' id='word_1_114' title='bbox 343 2286 494 2360; x_wconf 87' lang='lat' dir='ltr'><strong>biennio</strong></span> <span class='ocrx_word' id='word_1_115' title='bbox 517 2285 754 2374; x_wconf 82' lang='lat' dir='ltr'><strong>febricitavit,</strong></span> <span class='ocrx_word' id='word_1_116' title='bbox 770 2314 836 2360; x_wconf 89' lang='lat' dir='ltr'><strong>nec</strong></span> <span class='ocrx_word' id='word_1_117' title='bbox 854 2288 925 2360; x_wconf 92' lang='lat' dir='ltr'><strong>ulla</strong></span> <span class='ocrx_word' id='word_1_118' title='bbox 945 2289 1172 2363; x_wconf 89' lang='lat' dir='ltr'><strong>medicorum</strong></span> <span class='ocrx_word' id='word_1_119' title='bbox 1188 2304 1265 2363; x_wconf 83' lang='lat' dir='ltr'><strong>arte</strong></span> 
     </span>
     <span class='ocr_line' id='line_1_18' title="bbox 194 2401 1265 2506; baseline 0.005 -32"><span class='ocrx_word' id='word_1_120' title='bbox 194 2404 310 2475; x_wconf 87' lang='lat' dir='ltr'><strong>sanari</strong></span> <span class='ocrx_word' id='word_1_121' title='bbox 320 2403 455 2501; x_wconf 89' lang='lat' dir='ltr'><strong>potuit.</strong></span> <span class='ocrx_word' id='word_1_122' title='bbox 468 2402 572 2474; x_wconf 88' lang='lat' dir='ltr'><strong>Unde</strong></span> <span class='ocrx_word' id='word_1_123' title='bbox 581 2417 664 2500; x_wconf 90' lang='lat' dir='ltr'><strong>post</strong></span> <span class='ocrx_word' id='word_1_124' title='bbox 674 2401 864 2476; x_wconf 90' lang='lat' dir='ltr'><strong>biennium</strong></span> <span class='ocrx_word' id='word_1_125' title='bbox 872 2405 1125 2493; x_wconf 84' lang='lat' dir='ltr'><strong>Parnasvenit,</strong></span> <span class='ocrx_word' id='word_1_126' title='bbox 1136 2430 1265 2506; x_wconf 89' lang='lat' dir='ltr'><strong>aquam</strong></span> 
     </span>
     <span class='ocr_line' id='line_1_19' title="bbox 195 2516 1267 2616; baseline 0.005 -26"><span class='ocrx_word' id='word_1_127' title='bbox 195 2535 293 2590; x_wconf 87' lang='lat' dir='ltr'><strong>tactu</strong></span> <span class='ocrx_word' id='word_1_128' title='bbox 309 2516 545 2616; x_wconf 87' lang='lat' dir='ltr'><strong>reliquiarum</strong></span> <span class='ocrx_word' id='word_1_129' title='bbox 558 2518 671 2589; x_wconf 86' lang='lat' dir='ltr'><strong>sancti</strong></span> <span class='ocrx_word' id='word_1_130' title='bbox 688 2516 816 2590; x_wconf 88' lang='lat' dir='ltr'><strong>Judoci</strong></span> <span class='ocrx_word' id='word_1_131' title='bbox 834 2518 1090 2591; x_wconf 82' lang='lat' dir='ltr'><strong>sanctificatam</strong></span> <span class='ocrx_word' id='word_1_132' title='bbox 1100 2518 1213 2613; x_wconf 84' lang='lat' dir='ltr'><strong>bibit,</strong></span> <span class='ocrx_word' id='word_1_133' title='bbox 1230 2534 1267 2595; x_wconf 82' lang='lat' dir='ltr'><strong>et</strong></span> 
     </span>
     <span class='ocr_line' id='line_1_20' title="bbox 196 2633 1269 2739; baseline 0.005 -32"><span class='ocrx_word' id='word_1_134' title='bbox 196 2635 293 2708; x_wconf 90' lang='lat' dir='ltr'><strong>binis</strong></span> <span class='ocrx_word' id='word_1_135' title='bbox 302 2633 471 2709; x_wconf 90' lang='lat' dir='ltr'><strong>noctibus</strong></span> <span class='ocrx_word' id='word_1_136' title='bbox 483 2651 567 2710; x_wconf 91' lang='lat' dir='ltr'><strong>ante</strong></span> <span class='ocrx_word' id='word_1_137' title='bbox 576 2651 739 2709; x_wconf 91' lang='lat' dir='ltr'><strong>sanctum</strong></span> <span class='ocrx_word' id='word_1_138' title='bbox 752 2663 883 2736; x_wconf 87' lang='lat' dir='ltr'><strong>corpus</strong></span> <span class='ocrx_word' id='word_1_139' title='bbox 900 2638 937 2709; x_wconf 90' lang='lat' dir='ltr'><strong>iu</strong></span> <span class='ocrx_word' id='word_1_140' title='bbox 950 2636 1179 2712; x_wconf 88' lang='lat' dir='ltr'><strong>orationibus</strong></span> <span class='ocrx_word' id='word_1_141' title='bbox 1190 2664 1269 2739; x_wconf 87' lang='lat' dir='ltr'><strong>per·</strong></span> 
     </span>
     <span class='ocr_line' id='line_1_21' title="bbox 196 2750 1268 2857; baseline 0.004 -32"><span class='ocrx_word' id='word_1_142' title='bbox 196 2753 376 2840; x_wconf 84' lang='lat' dir='ltr'><strong>noctavit,</strong></span> <span class='ocrx_word' id='word_1_143' title='bbox 398 2750 520 2850; x_wconf 90' lang='lat' dir='ltr'><strong>ibique</strong></span> <span class='ocrx_word' id='word_1_144' title='bbox 540 2754 728 2826; x_wconf 87' lang='lat' dir='ltr'><strong>sanitatem</strong></span> <span class='ocrx_word' id='word_1_145' title='bbox 752 2752 878 2827; x_wconf 88' lang='lat' dir='ltr'><strong>dolore</strong></span> <span class='ocrx_word' id='word_1_146' title='bbox 895 2771 1053 2829; x_wconf 83' lang='lat' dir='ltr'><strong>cessante</strong></span> <span class='ocrx_word' id='word_1_147' title='bbox 1073 2782 1268 2857; x_wconf 75' lang='lat' dir='ltr'><strong>recupera-</strong></span> 
     </span>
     <span class='ocr_line' id='line_1_22' title="bbox 196 2870 1269 2949; baseline 0.008 -9"><span class='ocrx_word' id='word_1_148' title='bbox 196 2870 262 2940; x_wconf 83' lang='lat' dir='ltr'><strong>vit.</strong></span> <span class='ocrx_word' id='word_1_149' title='bbox 279 2870 428 2942; x_wconf 77' lang='lat' dir='ltr'><strong>Senatus</strong></span> <span class='ocrx_word' id='word_1_150' title='bbox 445 2885 565 2941; x_wconf 88' lang='lat' dir='ltr'><strong>autem</strong></span> <span class='ocrx_word' id='word_1_151' title='bbox 578 2896 642 2942; x_wconf 84' lang='lat' dir='ltr'><strong>rex</strong></span> <span class='ocrx_word' id='word_1_152' title='bbox 656 2895 677 2940; x_wconf 79' lang='lat' dir='ltr'><strong>n</strong></span> <span class='ocrx_word' id='word_1_153' title='bbox 690 2870 823 2945; x_wconf 91' lang='lat' dir='ltr'><strong>solidos</strong></span> <span class='ocrx_word' id='word_1_154' title='bbox 839 2873 1125 2945; x_wconf 89' lang='lat' dir='ltr'><strong>Pontesiensium</strong></span> <span class='ocrx_word' id='word_1_155' title='bbox 1143 2888 1269 2949; x_wconf 88' lang='lat' dir='ltr'><strong>sancto</strong></span> 
     </span>
     <span class='ocr_line' id='line_1_23' title="bbox 196 2980 1268 3073; baseline 0.011 -18"><span class='ocrx_word' id='word_1_156' title='bbox 196 2983 337 3057; x_wconf 90' lang='lat' dir='ltr'><strong>Judoco</strong></span> <span class='ocrx_word' id='word_1_157' title='bbox 355 2980 512 3073; x_wconf 89' lang='lat' dir='ltr'><strong>obtulit,</strong></span> <span class='ocrx_word' id='word_1_158' title='bbox 540 3000 577 3058; x_wconf 89' lang='lat' dir='ltr'><strong>et</strong></span> <span class='ocrx_word' id='word_1_159' title='bbox 599 2980 778 3058; x_wconf 82' lang='lat' dir='ltr'><strong>nundinas</strong></span> <span class='ocrx_word' id='word_1_160' title='bbox 802 2988 890 3061; x_wconf 80' lang='lat' dir='ltr'><strong>seria</strong></span> <span class='ocrx_word' id='word_1_161' title='bbox 914 2989 1019 3061; x_wconf 87' lang='lat' dir='ltr'><strong>tertia</strong></span> <span class='ocrx_word' id='word_1_162' title='bbox 1040 2990 1268 3067; x_wconf 72' lang='lat' dir='ltr'><strong>Pentecoste</strong></span> 
     </span>
     <span class='ocr_line' id='line_1_24' title="bbox 197 3098 1266 3201; baseline 0.004 -26"><span class='ocrx_word' id='word_1_163' title='bbox 197 3098 369 3175; x_wconf 86' lang='lat' dir='ltr'><strong>celebrari</strong></span> <span class='ocrx_word' id='word_1_164' title='bbox 383 3101 531 3201; x_wconf 84' lang='lat' dir='ltr'><strong>singulis</strong></span> <span class='ocrx_word' id='word_1_165' title='bbox 547 3104 650 3175; x_wconf 91' lang='lat' dir='ltr'><strong>annis</strong></span> <span class='ocrx_word' id='word_1_166' title='bbox 660 3101 793 3177; x_wconf 87' lang='lat' dir='ltr'><strong>ibidem</strong></span> <span class='ocrx_word' id='word_1_167' title='bbox 805 3105 841 3176; x_wconf 92' lang='lat' dir='ltr'><strong>in</strong></span> <span class='ocrx_word' id='word_1_168' title='bbox 858 3103 997 3179; x_wconf 87' lang='lat' dir='ltr'><strong>honore</strong></span> <span class='ocrx_word' id='word_1_169' title='bbox 1010 3106 1124 3178; x_wconf 86' lang='lat' dir='ltr'><strong>sancti</strong></span> <span class='ocrx_word' id='word_1_170' title='bbox 1137 3105 1266 3181; x_wconf 89' lang='lat' dir='ltr'><strong>Judoci</strong></span> 
     </span>
     <span class='ocr_line' id='line_1_25' title="bbox 196 3220 1268 3321; baseline 0.005 -28"><span class='ocrx_word' id='word_1_171' title='bbox 196 3220 342 3308; x_wconf 85' lang='lat' dir='ltr'><strong>annuit,</strong></span> <span class='ocrx_word' id='word_1_172' title='bbox 373 3234 410 3293; x_wconf 88' lang='lat' dir='ltr'><strong>et</strong></span> <span class='ocrx_word' id='word_1_173' title='bbox 440 3221 566 3321; x_wconf 83' lang='lat' dir='ltr'><strong>regalis</strong></span> <span class='ocrx_word' id='word_1_174' title='bbox 597 3222 820 3294; x_wconf 87' lang='lat' dir='ltr'><strong>auctoritatis</strong></span> <span class='ocrx_word' id='word_1_175' title='bbox 854 3223 1098 3321; x_wconf 68' lang='lat' dir='ltr'><strong>praeceptione</strong></span> <span class='ocrx_word' id='word_1_176' title='bbox 1126 3225 1268 3298; x_wconf 87' lang='lat' dir='ltr'><strong>cousti-</strong></span> 
     </span>
     <span class='ocr_line' id='line_1_26' title="bbox 195 3340 351 3436; baseline -0.019 -23"><span class='ocrx_word' id='word_1_177' title='bbox 195 3341 267 3413; x_wconf 88' lang='lat' dir='ltr'><strong>tuit</strong></span> <span class='ocrx_word' id='word_1_178' title='bbox 284 3341 299 3436; x_wconf 95' lang='lat'>(</span> <span class='ocrx_word' id='word_1_179' title='bbox 324 3340 351 3434; x_wconf 84' lang='lat'><strong>).</strong></span> 
     </span>
    </p>
   </div>
   <div class='ocr_carea' id='block_1_3' title="bbox 195 3636 1267 4154">
    <p class='ocr_par' dir='ltr' id='par_1_4' title="bbox 195 3636 1267 4074">
     <span class='ocr_line' id='line_1_27' title="bbox 230 3636 1265 3718; baseline 0.009 -26"><span class='ocrx_word' id='word_1_180' title='bbox 230 3640 269 3710; x_wconf 87' lang='grc' dir='ltr'><strong>(ι)</strong></span> <span class='ocrx_word' id='word_1_181' title='bbox 287 3636 364 3692; x_wconf 89' lang='lat' dir='ltr'><strong>Nous</strong></span> <span class='ocrx_word' id='word_1_182' title='bbox 376 3637 487 3692; x_wconf 84' lang='lat' dir='ltr'><strong>n’avous</strong></span> <span class='ocrx_word' id='word_1_183' title='bbox 501 3656 540 3711; x_wconf 92' lang='lat' dir='ltr'><strong>pu</strong></span> <span class='ocrx_word' id='word_1_184' title='bbox 552 3648 698 3693; x_wconf 89' lang='lat' dir='ltr'><strong>retrouver</strong></span> <span class='ocrx_word' id='word_1_185' title='bbox 711 3638 778 3695; x_wconf 88' lang='lat' dir='ltr'><strong>dans</strong></span> <span class='ocrx_word' id='word_1_186' title='bbox 797 3640 836 3695; x_wconf 83' lang='lat' dir='ltr'><strong>les</strong></span> <span class='ocrx_word' id='word_1_187' title='bbox 849 3641 999 3697; x_wconf 85' lang='lat' dir='ltr'><strong>historiens</strong></span> <span class='ocrx_word' id='word_1_188' title='bbox 1019 3644 1138 3718; x_wconf 65' lang='lat' dir='ltr'><strong>fmnqais</strong></span> <span class='ocrx_word' id='word_1_189' title='bbox 1156 3662 1265 3703; x_wconf 81' lang='lat' dir='ltr'><strong>aucune</strong></span> 
     </span>
     <span class='ocr_line' id='line_1_28' title="bbox 195 3726 1265 3804; baseline 0.009 -20"><span class='ocrx_word' id='word_1_190' title='bbox 195 3740 271 3784; x_wconf 87' lang='lat' dir='ltr'><strong>trace</strong></span> <span class='ocrx_word' id='word_1_191' title='bbox 283 3726 318 3782; x_wconf 88' lang='lat' dir='ltr'><strong>de</strong></span> <span class='ocrx_word' id='word_1_192' title='bbox 334 3746 366 3782; x_wconf 88' lang='lat' dir='ltr'><strong>ce</strong></span> <span class='ocrx_word' id='word_1_193' title='bbox 383 3726 540 3801; x_wconf 73' lang='lat' dir='ltr'><strong>pclerinage</strong></span> <span class='ocrx_word' id='word_1_194' title='bbox 553 3728 589 3784; x_wconf 87' lang='lat' dir='ltr'><strong>de</strong></span> <span class='ocrx_word' id='word_1_195' title='bbox 604 3729 734 3804; x_wconf 77' lang='lat' dir='ltr'><strong>Philippo</strong></span> <span class='ocrx_word' id='word_1_196' title='bbox 752 3733 787 3786; x_wconf 82' lang='lat' dir='ltr'><strong>I“</strong></span> <span class='ocrx_word' id='word_1_197' title='bbox 803 3735 817 3787; x_wconf 75' lang='grc'>1</span> <span class='ocrx_word' id='word_1_198' title='bbox 831 3734 945 3801; x_wconf 89' lang='lat' dir='ltr'><strong>Parnes,</strong></span> <span class='ocrx_word' id='word_1_199' title='bbox 965 3735 994 3789; x_wconf 90' lang='lat' dir='ltr'><strong>ni</strong></span> <span class='ocrx_word' id='word_1_200' title='bbox 1011 3735 1047 3789; x_wconf 89' lang='lat' dir='ltr'><strong>de</strong></span> <span class='ocrx_word' id='word_1_201' title='bbox 1065 3736 1091 3791; x_wconf 87' lang='lat' dir='ltr'><strong>la</strong></span> <span class='ocrx_word' id='word_1_202' title='bbox 1103 3737 1265 3793; x_wconf 75' lang='lat' dir='ltr'><strong>concessisti</strong></span> 
     </span>
     <span class='ocr_line' id='line_1_29' title="bbox 196 3814 1266 3899; baseline 0.007 -26"><span class='ocrx_word' id='word_1_203' title='bbox 196 3819 247 3892; x_wconf 89' lang='lat' dir='ltr'><strong>qui</strong></span> <span class='ocrx_word' id='word_1_204' title='bbox 260 3836 296 3874; x_wconf 86' lang='lat' dir='ltr'><strong>en</strong></span> <span class='ocrx_word' id='word_1_205' title='bbox 308 3817 353 3873; x_wconf 79' lang='lat' dir='ltr'><strong>lut</strong></span> <span class='ocrx_word' id='word_1_206' title='bbox 364 3814 391 3869; x_wconf 88' lang='lat' dir='ltr'><strong>la</strong></span> <span class='ocrx_word' id='word_1_207' title='bbox 404 3817 485 3871; x_wconf 85' lang='lat' dir='ltr'><strong>suite.</strong></span> <span class='ocrx_word' id='word_1_208' title='bbox 498 3820 523 3872; x_wconf 83' lang='grc' dir='ltr'><strong>Δ</strong></span> <span class='ocrx_word' id='word_1_209' title='bbox 536 3817 562 3871; x_wconf 88' lang='lat' dir='ltr'><strong>la</strong></span> <span class='ocrx_word' id='word_1_210' title='bbox 575 3819 676 3885; x_wconf 71' lang='lat' dir='ltr'><strong>verite,</strong></span> <span class='ocrx_word' id='word_1_211' title='bbox 696 3838 767 3874; x_wconf 89' lang='lat' dir='ltr'><strong>nous</strong></span> <span class='ocrx_word' id='word_1_212' title='bbox 779 3821 807 3875; x_wconf 89' lang='lat' dir='ltr'><strong>le</strong></span> <span class='ocrx_word' id='word_1_213' title='bbox 819 3838 935 3876; x_wconf 82' lang='lat' dir='ltr'><strong>verrens</strong></span> <span class='ocrx_word' id='word_1_214' title='bbox 947 3822 1102 3879; x_wconf 87' lang='lat' dir='ltr'><strong>ci·dessous</strong></span> <span class='ocrx_word' id='word_1_215' title='bbox 1111 3843 1148 3880; x_wconf 84' lang='lat' dir='ltr'><strong>en</strong></span> <span class='ocrx_word' id='word_1_216' title='bbox 1159 3826 1266 3899; x_wconf 66' lang='lat' dir='ltr'><strong>proici</strong></span> 
     </span>
     <span class='ocr_line' id='line_1_30' title="bbox 196 3903 1267 3987; baseline 0.008 -25"><span class='ocrx_word' id='word_1_217' title='bbox 196 3906 335 3980; x_wconf 81' lang='lat' dir='ltr'><strong>plusieurs</strong></span> <span class='ocrx_word' id='word_1_218' title='bbox 347 3903 479 3959; x_wconf 74' lang='lat' dir='ltr'><strong>maledics</strong></span> <span class='ocrx_word' id='word_1_219' title='bbox 490 3904 689 3962; x_wconf 88' lang='lat' dir='ltr'><strong>douloureuses</strong></span> <span class='ocrx_word' id='word_1_220' title='bbox 700 3909 926 3983; x_wconf 78' lang='lat' dir='ltr'><strong>etdegositantes‚</strong></span> <span class='ocrx_word' id='word_1_221' title='bbox 937 3913 1024 3985; x_wconf 89' lang='lat' dir='ltr'><strong>qu&#39;on</strong></span> <span class='ocrx_word' id='word_1_222' title='bbox 1033 3914 1151 3987; x_wconf 75' lang='lat' dir='ltr'><strong>regards</strong></span> <span class='ocrx_word' id='word_1_223' title='bbox 1157 3930 1267 3971; x_wconf 77' lang='lat' dir='ltr'><strong>comme</strong></span> 
     </span>
     <span class='ocr_line' id='line_1_31' title="bbox 195 3991 1265 4074; baseline 0.007 -21"><span class='ocrx_word' id='word_1_224' title='bbox 195 3996 225 4053; x_wconf 84' lang='lat' dir='ltr'><strong>ls</strong></span> <span class='ocrx_word' id='word_1_225' title='bbox 235 3994 392 4053; x_wconf 61' lang='lat' dir='ltr'><strong>obitiment</strong></span> <span class='ocrx_word' id='word_1_226' title='bbox 402 3992 438 4049; x_wconf 84' lang='lat' dir='ltr'><strong>de</strong></span> <span class='ocrx_word' id='word_1_227' title='bbox 455 4010 484 4047; x_wconf 82' lang='lat' dir='ltr'><strong>sa</strong></span> <span class='ocrx_word' id='word_1_228' title='bbox 502 3991 600 4049; x_wconf 86' lang='lat' dir='ltr'><strong>liaison</strong></span> <span class='ocrx_word' id='word_1_229' title='bbox 613 3996 738 4053; x_wconf 74' lang='lat' dir='ltr'><strong>adultere</strong></span> <span class='ocrx_word' id='word_1_230' title='bbox 755 4018 818 4055; x_wconf 81' lang='lat' dir='ltr'><strong>avec</strong></span> <span class='ocrx_word' id='word_1_231' title='bbox 831 4000 963 4057; x_wconf 75' lang='lat' dir='ltr'><strong>bertrade</strong></span> <span class='ocrx_word' id='word_1_232' title='bbox 977 4003 1013 4058; x_wconf 88' lang='lat' dir='ltr'><strong>de</strong></span> <span class='ocrx_word' id='word_1_233' title='bbox 1026 4005 1179 4074; x_wconf 79' lang='lat' dir='ltr'><strong>Moutlort,</strong></span> <span class='ocrx_word' id='word_1_234' title='bbox 1196 4005 1265 4061; x_wconf 85' lang='lat' dir='ltr'><strong>mais</strong></span> 
     </span>
    </p>

    <p class='ocr_par' dir='ltr' id='par_1_5' title="bbox 378 4080 1264 4154">
     <span class='ocr_line' id='line_1_32' title="bbox 378 4080 1264 4154; baseline 0.014 -15"><span class='ocrx_word' id='word_1_235' title='bbox 378 4092 434 4139; x_wconf 69' lang='lat' dir='ltr'><strong>ent</strong></span> <span class='ocrx_word' id='word_1_236' title='bbox 445 4080 506 4139; x_wconf 67' lang='lat' dir='ltr'><strong>ttne</strong></span> <span class='ocrx_word' id='word_1_237' title='bbox 522 4082 694 4143; x_wconf 81' lang='lat' dir='ltr'><strong>confondues</strong></span> <span class='ocrx_word' id='word_1_238' title='bbox 713 4105 778 4143; x_wconf 79' lang='lat' dir='ltr'><strong>arec</strong></span> <span class='ocrx_word' id='word_1_239' title='bbox 797 4090 823 4145; x_wconf 87' lang='lat' dir='ltr'><strong>la</strong></span> <span class='ocrx_word' id='word_1_240' title='bbox 842 4090 924 4148; x_wconf 74' lang='lat' dir='ltr'><strong>bevre</strong></span> <span class='ocrx_word' id='word_1_241' title='bbox 937 4093 1141 4152; x_wconf 71' lang='lat' dir='ltr'><strong>intermittentes</strong></span> <span class='ocrx_word' id='word_1_242' title='bbox 1157 4092 1264 4154; x_wconf 82' lang='lat' dir='ltr'><strong>dontil</strong></span> 
     </span>
    </p>
   </div>
   <div class='ocr_carea' id='block_1_4' title="bbox 0 0 1460 4980">
    <p class='ocr_par' dir='ltr' id='par_1_6' title="bbox 0 0 1460 4980">
     <span class='ocr_line' id='line_1_33' title="bbox 0 0 1460 4980; baseline 0 0"><span class='ocrx_word' id='word_1_243' title='bbox 0 0 1460 4980; x_wconf 95' lang='lat' dir='ltr'><strong> </strong></span> 
     </span>
    </p>
   </div>
  </div>
 </body>
</html>
