2910 4980
189 424 394 501 [mm-tom]
563 417 876 481 trecassenus.
1193 429 1251 489 115

188 541 309 618 ordini
330 539 605 641 competebant,
632 541 795 615 alacriter
815 539 1017 615 exhibebat.
1043 542 1175 619 Eundo
1194 548 1270 621 vel·

189 659 384 760 equitando
395 685 469 759 quo
480 656 547 731 sibi
558 657 753 759 jubebatur
766 657 858 747 ibat,
875 675 910 732 et
925 660 1168 734 ecclesiasticis
1181 665 1251 735 uti-

189 774 350 849 litatibus
371 802 438 875 pro
458 803 560 876 posse
578 803 643 851 suo
664 774 782 849 verbis
803 791 840 848 et
856 777 1058 851 actionibus
1076 780 1251 856 instanter

188 892 421 968 deserviebat.
440 892 545 965 Hunc
560 893 732 964 nimirum
751 891 934 966 Osbernus
951 894 1058 968 abbas
1077 899 1157 994 plus
1175 899 1250 971 aliis

190 1008 379 1111 diligebat,
400 1027 437 1083 et
455 1011 490 1081 in
510 1012 587 1108 ipso
604 1009 703 1082 valde
720 1008 818 1083 velut
835 1010 871 1082 in
889 1036 955 1083 suo
971 1014 1121 1111 proprio
1138 1013 1253 1086 confi-

190 1125 309 1199 debat.
324 1125 428 1198 Unde
445 1124 489 1196 ad
504 1152 636 1200 novam
652 1125 853 1215 basilicam,
868 1153 977 1227 quam
994 1127 1162 1203 inchoare
1179 1130 1255 1202 dis-

189 1239 368 1342 ponebat,
393 1266 516 1339 curam
537 1259 573 1315 et
600 1243 793 1340 impensas,
818 1245 1133 1344 magisteriumque
1160 1247 1255 1320 lato-

190 1381 336 1430 morum
351 1357 383 1428 ei
402 1355 687 1429 commendabat.

238 1471 414 1544 Praelatns
429 1487 543 1570 pater,
565 1472 669 1572 hujus
691 1473 832 1545 Ricardi
850 1473 1017 1573 precibus
1033 1491 1070 1548 et
1087 1474 1253 1566 hortatu,

191 1590 380 1663 Franciam
405 1588 513 1677 adiit,
537 1604 574 1661 et
596 1587 820 1662 llodbertum
846 1590 1075 1690 eloquentem
1098 1594 1257 1667 acllcr-

191 1707 337 1781 bertum
354 1704 398 1779 de
415 1707 566 1780 Serrana
590 1709 647 1805 (1)
667 1723 703 1780 et
721 1708 910 1780 Fulcoium
935 1709 979 1782 de
999 1709 1161 1784 Caldreio
1178 1711 1234 1808 (a)
1243 1763 1255 1798 ‚

192 1823 352 1923 aliosque
384 1822 516 1896 milites
545 1836 581 1896 et
614 1821 771 1923 plebeios
795 1824 1092 1899 'Vilcassinienses
1127 1824 1171 1897 ad
1204 1827 1258 1898 sui

192 1941 361 2015 notitiam
383 1939 478 2013 dulci
502 1939 685 2038 colloquio
712 1941 898 2041 invitarit,
923 1941 1150 2042 fundumque
1171 1941 1261 2017 Hel-

192 2055 422 2128 drici-Cortis
435 2053 593 2153 praelatis
604 2052 815 2151 proceribus
829 2053 865 2126 ct
877 2055 1003 2126 vicinis
1017 2055 1260 2129 annuentibus

193 2185 230 2244 et
253 2167 560 2269 congaudentibus
590 2170 628 2240 in
654 2167 856 2243 dominium
879 2169 916 2239 S.
941 2169 1084 2242 Ebrulfi
1108 2171 1257 2269 recepit.

194 2283 281 2357 lnde
290 2283 432 2357 rediens
445 2285 483 2355 in
498 2284 629 2356 lectum
642 2282 786 2355 decidit.
800 2289 884 2355 Post
896 2283 1034 2382 aliquot
1044 2284 1117 2358 dies
1126 2283 1259 2360 morbo

194 2401 460 2500 ingravescente
479 2400 515 2471 in
537 2398 732 2497 capitulum
745 2399 917 2472 deductus
929 2401 1051 2491 venit,
1065 2418 1102 2473 et
1122 2402 1258 2501 episto-

194 2516 286 2608 lam,
309 2543 418 2618 quam
441 2514 651 2589 Alexandro*
671 2543 771 2617 papae
802 2518 935 2590 misisse
959 2516 1125 2591 eumdem
1152 2544 1257 2618 supra

193 2632 368 2726 diximus,
382 2633 497 2732 palam
512 2632 654 2706 recitari
668 2636 787 2732 jussit.
802 2632 908 2726 Quod
925 2635 973 2705 ita
988 2633 1201 2726 factumest,
1215 2651 1257 2708 ut

195 2749 335 2822 eunctis
346 2747 574 2821 manifestum
582 2747 788 2847 fieretquod
796 2749 869 2846 ipse
882 2746 1060 2820 abbatiam
1069 2748 1256 2824 Rodberto

195 2863 316 2938 abbati
330 2891 404 2938 non
419 2865 665 2962 surripuisset,
684 2864 744 2937 sed
756 2866 890 2937 invitus
904 2891 943 2936 ac
954 2863 1168 2939 obedientiae
1179 2868 1258 2940 vio-

194 2981 304 3055 lentie
314 2995 456 3053 coactus
464 2982 625 3079 regimen
635 2981 853 3078 suscepisset.
867 2980 1029 3079 Denique
1039 2980 1168 3056 fratres
1177 2978 1259 3057 hor·

193 3114 271 3171 tatu
286 3098 549 3188 corroboravit,
561 3124 600 3169 ac
611 3114 652 3169 ut
663 3095 731 3168 sibi
744 3112 859 3170 errata
876 3097 1115 3197 indulgerent,
1131 3100 1257 3199 suique

193 3241 369 3289 memores
386 3229 522 3305 essent,
539 3213 749 3288 obsecravit.
770 3215 898 3316 Sicque
912 3213 990 3284 data
1009 3213 1254 3317 confessione,

193 3359 231 3406 ac
257 3348 478 3406 sacrosancta
502 3333 681 3405 Dominici
704 3333 866 3431 corporis
894 3345 1061 3429 percepta
1088 3324 1256 3404 commu-

194 3449 303 3522 nione
311 3501 323 3539 ,
339 3463 528 3549 postquam
542 3446 771 3520 moderamen
785 3442 962 3520 Uticensis
976 3446 1131 3520 ccclesiae
1144 3447 1254 3545 quiu-

194 3591 261 3667 que
276 3566 381 3667 anuis
396 3580 433 3638 ct
448 3563 563 3637 tribus
574 3564 756 3636 mensibus
770 3564 909 3651 tenuit,
924 3576 977 3636 νιο
993 3561 1064 3633 kal.
1081 3564 1176 3660 junii
1193 3564 1250 3663 (3)

195 3684 287 3757 inter
312 3707 439 3754 manus
462 3681 617 3755 fratrum
640 3680 777 3752 litanias
803 3705 871 3779 pro
896 3680 1018 3777 copie
1041 3682 1248 3753 canentium

226 3994 264 4065 (ι)
283 3989 597 4058 Semuale-Bnuteiller,
611 3991 673 4063 pres
686 3989 790 4062 Magni.

226 4082 264 4154 (a)
283 4079 424 4147 Chaudri,
438 4078 555 4134 hameau
568 4078 603 4134 de
616 4079 727 4135 Parnes.

226 4167 263 4237 (ὃ)
281 4170 319 4223 Le
332 4186 365 4241 27
378 4168 433 4222 mai
451 4166 526 4222 1066.
