2926 4980
262 466 300 527 40
531 468 715 528 utsroun
735 469 1037 532 ncenmusnci.
1210 463 1317 556 [1050]

261 602 297 659 et
320 585 496 658 Ernaldus
518 604 553 658 et
576 588 792 660 Willermus
814 589 909 662 filius
934 591 1149 679 Waseelini;
1178 592 1317 665 Rodul-

260 702 317 774 fus
336 702 379 774 de
398 704 550 786 Toeni0‚
571 702 743 776 Rodulfus
763 706 910 794 Taison,
928 708 1102 807 Rogerius
1117 706 1161 781 de
1178 709 1318 783 Monte·

260 817 405 890 Gomeri
416 871 427 905 ‚
448 818 659 891 Willermus
676 817 825 893 Osberni
844 821 957 910 filius,
983 822 1153 896 Ricardus
1170 823 1214 898 de
1235 826 1316 899 Bel-

257 934 335 1021 sou,
355 937 526 1007 Ricardus
541 935 586 1009 de
599 937 725 1009 Sancta
737 937 940 1031 Scolastica,
959 939 1069 1012 etalii
1088 942 1316 1042 quamplures

258 1054 492 1125 Normanniae
507 1078 698 1151 procerum
704 1082 715 1141 ;
732 1056 850 1153 quiin
867 1055 959 1126 saltu
973 1057 1103 1128 Leonis
1119 1056 1162 1128 ud
1180 1049 1317 1131 curiam

258 1168 357 1240 ducis
374 1196 479 1267 super
499 1169 633 1241 llumen
651 1169 868 1253 Loirisaute
885 1170 1066 1243 ecclesiam
1088 1174 1208 1245 Sancti
1226 1175 1317 1247 Dio-

258 1287 351 1384 nysii
371 1287 425 1383 (1)
448 1286 622 1385 aggregati
647 1300 749 1371 sunt,
774 1299 810 1357 et
829 1285 1005 1358 Uticensis
1028 1287 1183 1361 ecclesiae
1207 1296 1316 1361 testa-

256 1417 421 1475 mentum
442 1428 539 1474 anno
558 1401 749 1476 dominicae
768 1402 1022 1474 incarnationis
1039 1416 1102 1475 tur.⁰
1117 1403 1242 1477 indict.
1264 1417 1315 1478 ιν·

257 1519 574 1593 confirmaverunt.

307 1636 446 1708 Eodem
458 1661 554 1708 anno
568 1633 771 1725 Rodbertus
783 1635 826 1709 de
841 1635 1155 1712 Grentemaisnilio
1172 1639 1316 1712 saecula-

257 1779 334 1825 rem
353 1751 515 1823 habitum
533 1750 705 1836 mutavit,
726 1765 762 1823 et
778 1749 844 1821 sub
864 1752 1037 1851 regimine
1055 1752 1240 1826 Teoderici
1255 1750 1316 1823 ab·

257 1867 349 1941 batis
365 1869 458 1968 apud
469 1869 615 1940 Uticum
629 1866 831 1940 monachile
848 1893 959 1940 scema
978 1868 1101 1940 subiit.
1120 1870 1188 1941 Hic
1206 1870 1317 1941 nimi-

257 2014 340 2058 rum
364 1986 425 2082 (ut
447 2010 550 2082 supra
579 1983 780 2082 tetigimus)
805 1982 978 2057 Rodberti
1005 1984 1048 2056 de
1071 1985 1317 2058 Grentcmais-

258 2104 348 2176 nilio
361 2101 596 2175 strenuissimi
611 2099 755 2171 baronis
771 2099 864 2172 lilius
876 2100 959 2188 fuit,
976 2128 1018 2174 ex
1033 2101 1179 2173 Hadvisa
1194 2102 1316 2176 Geroii

259 2221 327 2292 filia
356 2234 575 2318 procreatus.
602 2220 642 2289 ln
673 2216 822 2289 infantia
849 2216 985 2289 litteras
1010 2218 1143 2289 affatim
1171 2218 1315 2303 didicit,

257 2365 409 2438 quarum
420 2339 516 2409 iuter
527 2334 661 2406 sodales
675 2335 789 2406 tenaci
805 2335 975 2408 memoria
991 2336 1178 2433 insigniter
1188 2335 1314 2434 viguit.

258 2453 327 2525 Sed
343 2467 534 2550 postquam
555 2476 668 2522 anuos
686 2449 932 2522 adolescentiae
947 2450 1086 2548 attigit,
1110 2451 1236 2548 spretis
1254 2451 1318 2520 lit-

257 2585 416 2642 terarum
433 2567 515 2639 otiis
531 2565 574 2637 ad
590 2591 774 2639 armorum
790 2564 950 2640 laborem
970 2569 1148 2656 cucurrit,
1167 2583 1203 2640 et
1219 2567 1318 2639 Wil-

257 2682 359 2757 lcrmi
379 2682 478 2754 ducis
495 2682 648 2782 armiger
665 2708 688 2753 v
705 2684 807 2755 annis
825 2683 956 2754 extitit.
977 2680 1112 2754 Deinde
1130 2667 1317 2755 abeodem

258 2800 348 2872 duce
369 2799 536 2871 decenter
561 2813 613 2871 est
631 2800 739 2870 armis
757 2798 969 2887 adornatus,
993 2817 1029 2873 et
1049 2798 1151 2871 miles
1174 2800 1319 2872 effectus

257 2913 422 3015 pluribus
436 2914 568 2987 exeniis
586 2912 760 2987 nobiliter
774 2913 984 2987 honoratus.
1003 2914 1242 2987 Consideratis
1256 2939 1319 2984 au-

259 3049 333 3106 tem
349 3030 557 3105 mortalium
581 3029 717 3103 casibus
737 3030 843 3130 elegit
859 3033 969 3131 magis
993 3032 1029 3102 in
1046 3031 1155 3104 domo
1174 3031 1319 3104 Domini

260 3149 417 3249 abjectus
429 3175 592 3237 manere,
610 3175 718 3248 quam
736 3149 771 3219 in
788 3147 1023 3220 tabernaculis
1036 3160 1263 3244 peecatorum
1276 3146 1320 3217 ad

264 3283 402 3365 tempus
421 3281 462 3337 ut
478 3265 619 3338 foenum
640 3263 783 3337 llorere.
800 3263 892 3335 Nam
909 3291 1001 3363 saepe
1017 3260 1196 3335 recolebat
1213 3290 1322 3335 saecu·

261 3383 345 3454 laris
362 3381 500 3454 militiae
517 3379 672 3479 pericula
683 3433 693 3467 ,
716 3406 798 3479 quae
813 3394 913 3477 pater
934 3405 1036 3465 suus,
1062 3377 1192 3478 aliique
1211 3380 1323 3448 innu-

263 3496 450 3571 merabiles
464 3496 600 3597 experti
618 3511 721 3583 sunt,
739 3496 821 3594 qui,
838 3494 924 3567 dum
938 3493 1054 3567 hostes
1066 3493 1211 3567 sortiter
1224 3494 1321 3565 inva-

263 3633 406 3704 serunt,
440 3614 636 3687 incidentes
666 3613 703 3683 in
729 3611 896 3711 laqueum
920 3638 1026 3709 quem
1051 3611 1127 3682 aliis
1149 3607 1322 3709 parabant

263 3731 523 3805 occubuerunt.
539 3728 743 3802 Rodbe1·tus
758 3729 854 3801 enim
868 3746 969 3826 pater
981 3730 1055 3824 ejus
1071 3754 1154 3799 cum
1168 3728 1322 3826 Rogerio

264 3845 308 3919 dc
322 3846 461 3918 Toenio
479 3859 602 3914 contra
621 3844 815 3942 Rogerium
830 3842 872 3914 de
888 3842 1108 3913 Bellomoute
1122 3842 1321 3927 dimicavit;

264 3966 302 4036 in
327 3989 401 4064 quo
427 3959 599 4035 conflictu
616 3961 791 4059 Rogerius
816 3986 897 4030 cum
916 3958 997 4030 filiis
1022 3959 1093 4031 suis
1117 3956 1267 4031 Elbo-to
1289 3975 1325 4031 et

301 4228 339 4297 (ι)
353 4225 452 4290 Lions,
467 4221 597 4276 auncinis
607 4219 928 4276 saint-Denis·en-Lions
942 4237 989 4274 sur
1002 4218 1026 4272 la
1043 4217 1141 4272 rivicre
1153 4215 1187 4272 dc
1201 4216 1323 4272 Licurrc.
