2910 4980
193 441 254 501 tta
465 438 648 500 HISTORIA
671 438 978 503 Ecctusltstlcu
1051 444 1258 527 [toto-tote]

193 586 287 659 quas
311 562 456 634 Craesus
479 577 514 632 et
539 560 823 664 Sardanapalus
841 566 1203 655 uimisumuueruut,
1226 585 1259 641 et

189 677 423 778 postmodum
448 682 575 750 misere
594 696 784 779 pereuntes
805 664 1066 753 hostibus'suis
1089 681 1260 757 desm-

193 812 288 868 runt.
309 794 472 868 Christus
488 796 585 867 enim
595 810 729 894 pastor
747 794 861 869 bouus
878 820 937 867 vce
953 794 1126 870 divitibus
1148 796 1260 898 tujus

192 912 322 984 mundi
337 916 510 1000 minatur,
535 913 600 1011 qui
615 912 861 1013 uoluptatibus
880 914 988 985 uanis
1011 929 1045 985 et
1066 914 1258 1013 superfiuis

191 1030 249 1103 tic
255 1026 503 1130 perfruuntur.
517 1029 747 1131 Pauperibus
755 1053 843 1102 uem
851 1030 982 1129 spiritu
988 1030 1170 1130 premittit
1179 1028 1260 1104 beu·

193 1146 382 1219 titudinem
396 1148 435 1218 in
446 1172 559 1245 reguo
571 1145 763 1231 coelorum,·
776 1172 889 1244 quum
899 1146 1004 1220 nobis
1015 1146 1077 1221 det
1089 1151 1183 1249 ipsu
1196 1150 1261 1247 qui

191 1267 279 1338 uiuit
289 1280 324 1335 et
338 1280 467 1363 regnat
476 1290 547 1365 per
557 1266 682 1337 omnia
697 1264 838 1337 sucula
852 1264 1083 1339 saeculorwu.
1101 1269 1235 1353 Amen¹

240 1379 445 1454 Admiratus
461 1406 523 1453 rex
542 1406 624 1452 cum
643 1378 853 1479 proceribus
868 1382 941 1465 suis
963 1382 1112 1482 insignis
1130 1406 1260 1457 monu-

191 1500 248 1570 chi
261 1499 514 1584 constantiam,
529 1496 678 1596 supplex
687 1523 728 1570 ac
738 1497 888 1575 devotus
899 1498 1077 1599 impendit
1088 1499 1121 1572 ei
1134 1497 1261 1573 decen-

193 1633 264 1688 tem
291 1614 544 1697 reverentiam,
576 1629 612 1686 et
638 1629 886 1713 competenter
914 1613 1134 1690 honoratum
1154 1613 1262 1713 jussit

192 1756 274 1804 eum
294 1754 452 1802 remeare
470 1730 508 1799 in
526 1727 750 1820 Neustriam‚
772 1728 894 1830 ibique
915 1755 989 1831 quo
1012 1729 1141 1818 uellet,
1159 1754 1261 1803 suam

191 1846 391 1945 praestolari
419 1846 660 1945 presentiam,
692 1846 869 1919 Auditum
895 1864 947 1921 est
976 1848 1128 1946 passim,
1155 1862 1261 1947 post-

191 1992 299 2066 quam
317 1964 561 2038 Guitmundus
585 1965 629 2036 ad
645 1981 741 2063 septa
764 1966 972 2039 monasterii
995 1966 1049 2038 sui
1065 1966 1258 2051 remcavit,

190 2079 288 2181 quod
313 2081 387 2179 ipse
411 2077 652 2153 monachilem
676 2081 884 2178 pauperiem
909 2081 1043 2153 divitiis
1069 2080 1261 2181 episcopo·

191 2223 275 2268 rum
289 2197 544 2294 preposuerit,
566 2211 603 2268 et
622 2195 720 2296 quod
738 2195 930 2273 obtentum
955 2196 1093 2297 Angliae
1116 2197 1155 2269 in
1178 2222 1261 2296 pre·

192 2314 302 2387 sentia
328 2313 421 2411 regis
438 2329 474 2385 et
495 2313 713 2410 optimatum
730 2316 804 2411 ejus
812 2312 984 2414 'rapinam
1005 2312 1259 2413 appellaverit,

191 2446 227 2503 et
255 2428 354 2530 quod
380 2454 506 2503 omnes
537 2429 722 2527 episcopos
749 2430 806 2502 vel
840 2427 1001 2517 abbates,
1033 2428 1096 2528 qui
1126 2427 1261 2503 nolen-

191 2546 288 2620 tibus
307 2545 432 2646 Anglis
450 2547 486 2619 in
512 2545 667 2619 ecclesiis
686 2546 827 2645 Angtiae
849 2546 988 2645 praelati
1018 2562 1125 2634 sunt,
1151 2572 1260 2647 rapa-

192 2666 309 2737 citatis
337 2662 572 2765 redarguerit.
600 2663 719 2737 Verba
750 2665 860 2763 igitur
894 2666 968 2762 ejus
996 2688 1062 2762 per
1090 2660 1261 2764 Angliam

191 2783 263 2857 late
297 2782 476 2879 divulgata
509 2795 618 2866 sunt,
651 2795 688 2852 et
721 2779 903 2852 subtiliter
936 2779 1106 2853 ventilata
1135 2778 1261 2853 multis

192 2900 475 2998 displicuerunt,
495 2899 557 2999 qui
583 2923 747 2998 sequaces
764 2900 839 2996 ejus
855 2922 928 2971 esse
941 2912 1150 2995 spernentes
1166 2920 1261 2973 con-

192 3032 248 3089 tra
269 3042 353 3090 eum
373 3015 509 3113 ingenti
527 3014 641 3088 livore
661 3029 882 3088 exarserunt.
909 3012 992 3087 Non
1015 3012 1134 3087 multo
1151 3028 1257 3113 poet,

192 3130 365 3206 defuncto
403 3128 567 3203 Jobanne
605 3130 923 3230 Rotomagensium
959 3126 1257 3229 archiepiscopo,

193 3276 256 3324 rex
278 3262 314 3321 et
338 3247 397 3319 alii
422 3246 542 3346 plures
563 3244 832 3320 Guitmundum
851 3246 895 3318 ad
915 3244 1260 3347 archiepiscopatum

193 3367 400 3467 elegerunt3
429 3363 490 3436 sed
514 3363 635 3436 aemuli
666 3367 765 3465 ejus,
795 3390 886 3465 quos
911 3346 1260 3462 idern-vituperave-

192 3498 267 3571 rat,
286 3508 333 3556 ne
349 3478 581 3580 archipraesul
603 3476 706 3553 fieret
725 3495 901 3580 quantum
919 3492 1119 3578 potuerunt
1140 3477 1261 3577 impe-

192 3600 352 3673 dierunt.
378 3600 418 3670 ln
440 3612 543 3669 tanto
568 3596 648 3669 viro
671 3595 724 3669 nil
746 3594 992 3695 objiciendum
1015 3596 1258 3685 invenerunt,

192 3719 261 3792 nisi
286 3715 385 3817 quod
402 3714 496 3788 filius
514 3730 604 3788 esset
619 3712 835 3816 presbyteri.
856 3714 919 3788 llle
943 3731 1063 3788 autem
1088 3710 1134 3785 ab
1157 3714 1260 3788 omni

193 3837 340 3909 avaritia
364 3835 506 3933 purgari
534 3833 678 3920 volens,
703 3850 740 3907 et
766 3834 861 3905 inter
885 3848 1025 3906 exteros
1052 3846 1261 3930 paupertate

192 3952 327 4052 premi,
352 3976 461 4050 quiam
485 3950 580 4021 inter
598 3974 680 4022 suos
701 3948 936 4022 dissensiones
956 3948 1079 4021 fovere
1098 3946 1257 4033 malens,

196 4067 384 4143 Odiloncm
405 4065 610 4139 monasterii
625 4066 677 4136 sui
697 4062 859 4137 abbatem
879 4078 1084 4137 reverenter
1099 4060 1206 4151 adiit,
1223 4078 1260 4135 et

196 4185 379 4257 humiliter
402 4179 446 4252 ab
473 4181 535 4252 illo
552 4181 732 4253 licentiam
750 4178 999 4280 peregrinandi
1018 4178 1122 4276 petiit
1143 4196 1181 4253 ct
1201 4204 1258 4251 ac-
