2910 4980
188 439 279 512 [cinca
294 437 382 511 1118]
557 433 672 493 LIBER
694 432 877 506 QUtNTUS.
1195 431 1253 494 153

190 580 311 627 coram
328 550 498 626 Richeide
511 550 680 622 Amalrici
701 575 827 623 uxore.
851 551 1019 650 Sequenti
1046 566 1164 623 autem
1184 550 1254 622 Do·

190 671 326 742 minico
335 724 345 758 ,
361 667 504 740 Maniiae
519 665 625 739 ambo
637 666 765 739 fratres
777 669 881 767 Hugo
895 684 931 740 et
945 666 1148 740 Gualterius
1165 662 1256 767 prae·

191 788 323 859 dictam
337 784 603 858 concessionem
619 783 945 873 confirmaverunt,
963 801 999 858 et
1013 787 1049 857 in
1064 785 1253 883 praesentia

191 905 305 976 David
322 904 474 1002 prioris,
489 902 715 1001 aliorumque
736 901 906 989 fratrum,
931 919 967 975 et
984 901 1152 989 Ansoldi,
1178 902 1256 972 fitti-

193 1047 263 1119 que
287 1024 362 1116 ejus
383 1020 499 1106 Petri,
525 1034 560 1090 et
588 1019 698 1091 totius
722 1018 826 1102 cieri,
854 1018 1043 1116 omnisque
1069 1016 1192 1115 populi
1218 1018 1257 1088 in

193 1137 336 1211 ecclesia
359 1137 503 1209 adunati
527 1136 760 1210 donationem
780 1162 886 1232 super
908 1134 1018 1207 altare
1041 1150 1253 1233 posuerunt.

195 1254 329 1328 Deinde
346 1253 474 1326 fratres
491 1279 642 1325 eorum:
664 1250 896 1350 Engcnoldus
918 1266 953 1323 et
979 1252 1154 1338 Herveus,
1180 1249 1257 1322 haec

195 1371 313 1444 eadem
337 1385 600 1444 concesserunt.
623 1371 699 1440 Hoc
720 1384 837 1439 actum
858 1382 910 1440 est
930 1393 1047 1456 anno,
1070 1393 1144 1466 quo
1164 1369 1259 1439 Hen-

194 1488 288 1559 ricus
314 1514 374 1559 rex
400 1487 540 1586 Angtiae
567 1485 693 1556 invasit
719 1500 874 1554 castrum
898 1484 936 1554 S.
964 1484 1057 1554 Clari
1087 1485 1124 1554 in
1151 1486 1259 1555 Fran-

195 1605 246 1675 cia
263 1605 339 1700 (t),
359 1619 394 1674 et
412 1603 612 1676 Ludoricus
629 1629 648 1674 e
666 1618 791 1673 contra
813 1629 874 1673 rex
896 1603 1056 1673 Franciae
1075 1600 1259 1673 castellum

193 1720 286 1792 Vani
304 1723 358 1817 (a)
378 1720 580 1792 construxit
601 1719 637 1789 in
654 1717 896 1803 Normannia;
918 1745 960 1790 ex
982 1745 1054 1818 qua
1074 1720 1260 1792 occasione

197 1837 377 1908 intereos
406 1835 449 1907 ad
479 1833 679 1906 multorum
706 1833 920 1907 detrimenta
949 1833 1145 1906 furuerunt
1168 1861 1257 1906 saeva

195 1951 328 2048 proelia.

243 2067 419 2140 Nirardus
430 2068 474 2140 de
484 2066 702 2165 Hargervilia
715 2068 772 2164 (3)
785 2092 931 2138 omnem
942 2083 1073 2138 terram
1086 2065 1130 2137 de
1142 2067 1259 2138 Panc-

197 2184 328 2257 telvilla
345 2186 415 2281 (4),
435 2211 543 2284 quam
559 2182 729 2271 habebat,
746 2183 929 2257 monachis
944 2184 988 2255 de
1002 2183 1133 2255 Manlia
1147 2182 1262 2257 dona-

195 2303 266 2388 rit,
283 2317 318 2374 et
331 2300 555 2374 medietatem
569 2298 716 2372 decimae
735 2300 830 2372 illius
845 2316 972 2386 terrae;
988 2317 1025 2372 et
1039 2301 1121 2372 inde
1136 2299 1261 2372 hahuit

197 2447 239 2490 cx
257 2420 402 2491 caritate
424 2418 687 2492 monachorum
710 2443 829 2490 xxvnt
853 2417 998 2492 solidos.
1025 2419 1152 2492 Simon
1173 2444 1261 2493 vero

197 2536 308 2608 frater
321 2540 395 2631 eius
410 2535 477 2609 hoc
491 2537 684 2621 concessit,
701 2551 736 2607 et
754 2533 835 2607 inde
849 2533 1046 2609 subtolares
1060 2535 1261 2609 corduanos

196 2654 300 2752 Hugo
318 2654 419 2750 prior
440 2654 469 2725 ei
493 2651 603 2724 dedit.
627 2653 753 2722 Petrus
771 2667 889 2724 autem
907 2667 944 2724 et
960 2649 1258 2736 Guarimboldus,

198 2770 260 2841 11111
275 2769 435 2856 Nivardi,
452 2768 520 2841 hoc
534 2770 632 2868 quod
648 2784 751 2866 pater
765 2796 892 2842 eorum
907 2767 1065 2856 dederat,
1085 2793 1262 2841 concesse-

200 2902 305 2971 runt,
325 2903 361 2958 et
381 2886 463 2958 inde
479 2885 676 2960 subtolares
693 2914 752 2958 sex
767 2911 1000 2957 nummorum
1017 2890 1263 2984 unusquisque

199 3029 324 3075 eorum
348 3001 483 3076 hahuit.
512 3001 751 3102 Subsequenti
776 3004 969 3074 Dominico
995 3004 1067 3100 ipse
1088 3001 1263 3073 Nivardus

199 3116 369 3189 Manlium
381 3117 495 3205 venit,
508 3132 543 3190 et
555 3114 693 3190 donum
707 3143 814 3215 super
825 3117 934 3189 altare
948 3118 985 3188 S.
1002 3116 1125 3187 Mariae
1141 3141 1262 3188 coram

201 3249 273 3307 tota
292 3232 477 3331 parrochia
497 3235 631 3332 posuit.
1080 3240 1083 3246 '

248 3348 456 3422 Goisfredus
484 3351 528 3423 de
553 3352 675 3423 Marco
702 3352 754 3446 (5)
781 3349 867 3421 dum
895 3348 1098 3421 monachile
1124 3348 1264 3422 schema

235 3578 273 3647 (ι)
291 3577 605 3648 Saint-Clair·sur·Epte.

237 3666 274 3734 (a)
292 3664 380 3733 Gaui,
395 3667 508 3738 prieurs}
520 3665 556 3720 de
565 3665 685 3737 l'abhaye
698 3665 733 3720 de
746 3666 918 3723 SaiatOuen
930 3665 964 3719 de
982 3664 1090 3720 Rouen.
1108 3666 1157 3722 Les
1166 3668 1264 3720 evene·

116 3750 121 3759 ’
201 3764 291 3808 ments
301 3753 371 3808 dont
380 3754 455 3826 parte
469 3755 504 3809 ici
517 3765 597 3809 notre
608 3763 717 3821 auteur,
731 3766 824 3828 etque
834 3772 904 3809 nous
918 3771 1062 3808 rererrons
1079 3754 1140 3826 plus
1155 3753 1218 3809 tard
1230 3772 1264 3808 au

200 3855 438 3899 commencemcnt
450 3843 488 3897 du
502 3844 568 3898 livre
581 3861 617 3896 xn
630 3842 665 3898 de
679 3854 751 3899 cette
763 3844 895 3909 histoire,
910 3844 1147 3915 appartieunenta
1161 3842 1265 3899 t’annte

205 3933 281 4090 uidi
295 4022 452 4094 Hargeville
462 4041 499 4077 ou
509 4021 679 4088 Archeville‚
694 4025 710 4074 'a
723 4021 779 4076 1’0.
794 4022 822 4076 S.
839 4020 875 4075 0.
891 4021 925 4075 de
938 4019 1037 4075 Maule.

236 4113 275 4180 (1)
295 4110 508 4167 Probahlcment
518 4112 649 4168 Boinville
662 4129 698 4166 en
709 4111 856 4166 Pincerais.

237 4199 277 4270 (5)
296 4201 406 4276 Marcq,
424 4205 485 4275 pres
500 4201 741 4257 Scala-Marchais.
