2910 4980
189 435 298 513 [roan
556 429 673 492 unna
693 431 871 492 marius.
1199 441 1260 498 no
1345 450 1353 467 ι

189 550 313 627 dilecti
324 549 417 650 regis
428 547 544 623 adhuc
553 549 711 625 maderet
719 550 882 641 fletibus,
898 551 1005 627 asolo
1016 553 1187 654 Stigando
1198 556 1255 655 (1)

191 668 461 767 archiepiscopo
478 668 603 768 (quem
618 670 801 743 Romanus
817 696 905 770 papa
923 671 1152 770 suspenderat
1166 700 1186 744 a
1202 673 1259 747 di-

195 786 288 865 uinis
300 783 425 859 officiis
437 808 505 882 pro
519 782 733 885 quibusdam
747 784 974 883 criminibus)
985 787 1062 860 sine
1075 792 1258 863 communi

194 927 373 979 consensu
385 901 541 977 aliorum
552 902 748 1001 praesulum
760 919 796 975 et
808 903 984 978 comitum
996 931 1261 1006 procerumque

195 1034 444 1108 consecratus,
463 1019 591 1092 furtim
609 1020 797 1118 praeripuit
813 1020 1019 1093 diadematis
1037 1038 1073 1095 et
1089 1051 1263 1124 purpurae

194 1137 316 1212 decus.
345 1135 539 1209 Audientes
568 1152 688 1208 autem
712 1134 818 1237 Angli
853 1139 1076 1210 temerariam
1110 1139 1263 1214 invasio·

196 1280 299 1342 nem,
316 1279 427 1355 quam
443 1250 615 1326 lleraldus
632 1251 784 1341 fecerat,
804 1253 885 1326 irati
904 1268 1009 1342 sunt,
1029 1271 1065 1328 et
1080 1258 1264 1353 potentio-

195 1397 280 1445 rum
303 1367 473 1445 nonuulli
500 1369 646 1442 fortiter
670 1367 843 1443 obsistere
866 1371 981 1469 parati
1002 1398 1021 1442 a
1042 1370 1264 1466 subjectione

196 1489 272 1586 ejus
288 1488 441 1560 omnino
459 1485 723 1558 abstinuerunt.
742 1483 813 1558 Alii
831 1512 917 1559 vero
935 1488 1131 1560 nescientes
1146 1488 1262 1587 qnali-

197 1620 253 1679 ter
268 1603 501 1704 tyrannidem
518 1606 592 1701 ejus
609 1603 705 1702 (quae
720 1605 795 1701 jam
812 1630 919 1702 super
936 1629 996 1677 eos
1017 1605 1125 1676 nimis
1141 1631 1264 1678 excre-

196 1721 319 1818 verat)
336 1720 544 1808 evaderent,
564 1737 601 1792 et
619 1745 638 1792 e
656 1735 781 1793 contra
803 1720 1066 1794 considerantes
1082 1722 1181 1822 quod
1199 1749 1265 1796 nee

198 1835 302 1910 illum
317 1837 489 1937 dejicere,
506 1863 573 1911 nce
590 1838 701 1910 alium
716 1865 837 1937 regem
854 1839 933 1936 ipsa
947 1856 1119 1939 regnante
1135 1840 1178 1912 ad
1192 1842 1264 1913 uti-

197 1953 337 2028 litatem
353 1957 454 2054 regni
472 1954 688 2029 substituere
699 1955 873 2045 valerent,
890 1955 981 2029 colla
995 1960 1070 2055 ejus
1080 1960 1169 2055 jugo
1185 1956 1266 2030 sub-

198 2072 397 2164 miserunt,
410 2075 573 2174 viresque
585 2073 759 2159 facinori,
775 2072 875 2173 quod
893 2070 1140 2161 inchoaverat,
1155 2099 1265 2148 auxe-

197 2203 299 2261 rant.
329 2189 418 2263 Mox
444 2189 518 2286 ipse
545 2214 697 2287 regnum
709 2242 720 2276 ,
746 2187 845 2287 quod
870 2190 1037 2288 nequiter
1064 2190 1259 2278 invaserat,

199 2300 389 2380 horrendis
405 2305 596 2380 sceleribus
613 2306 814 2376 maculavit.

244 2422 423 2496 Edwinus
451 2448 538 2496 vero
566 2439 603 2494 et
625 2423 811 2495 Morcarus
842 2425 1014 2511 comites,
1047 2423 1111 2495 filii
1141 2423 1262 2522 Algari

199 2539 371 2637 praecipui
397 2538 553 2614 consulis
571 2538 648 2636 (2),
672 2537 825 2612 Heraldo
846 2538 1085 2612 familiaritate
1107 2538 1266 2612 adhaese·

198 2672 306 2748 runt,
320 2682 473 2757 eumque
479 2661 605 2756 juvare
619 2671 698 2728 toto
709 2656 898 2728 conamine
911 2656 978 2726 nisi
993 2673 1077 2727 sunt
1085 2708 1096 2742 ,
1111 2682 1153 2729 eo
1166 2655 1264 2756 quod

200 2772 273 2871 ipse
293 2771 467 2871 Edgivam
491 2799 652 2847 sororem
670 2796 796 2844 eorum
813 2797 963 2845 uxorem
984 2769 1135 2844 habebat
1146 2826 1157 2859 ,
1181 2798 1263 2871 quae

199 2885 299 2984 prius
319 2884 487 2957 Gritfridi
504 2885 689 2959 fortissimi
707 2885 798 2984 regis
812 2884 1028 2957 Guallorum
1042 2889 1172 2985 conjux
1186 2885 1264 2959 fue·

200 3017 275 3091 rat,
295 3003 399 3103 eique
414 3001 603 3077 Blidenum
618 3003 718 3101 regni
738 3026 975 3075 successorem
984 3053 995 3088 ,
1011 3017 1048 3074 et
1064 3001 1173 3076 filiam
1191 3029 1264 3076 no·

201 3119 302 3193 mine
333 3118 420 3193 Nest
450 3134 637 3218 pepererat
670 3119 740 3216 (3).
774 3119 880 3189 Tunc
908 3117 1073 3191 Tosticus
1103 3116 1262 3191 Goduini

236 3452 276 3527 (ι)
294 3452 362 3509 Ceci
373 3463 415 3508 eat
425 3470 480 3507 une
492 3468 589 3505 erreur
598 3449 646 3504 des
658 3448 809 3503 historiens
819 3448 978 3503 normands.
994 3448 1101 3504 Harold
1112 3466 1147 3505 ne
1158 3449 1203 3504 fut
1213 3466 1261 3522 pas

205 3532 345 3599 douronne‘
357 3560 407 3614 par
418 3539 547 3613 Stigand,
563 3537 630 3592 mais
641 3556 691 3610 par
702 3535 823 3603 aldred,
838 3537 1008 3610 archevdque
1020 3534 1131 3590 d’York.

238 3646 277 3717 (α)
295 3645 333 3699 Le
343 3652 433 3698 comte
442 3643 546 3716 Aliger,
558 3648 631 3693 mort
640 3657 675 3693 en
692 3634 773 3702 1063,
790 3635 831 3689 fils
844 3635 883 3689 du
893 3646 983 3690 comte
996 3635 1120 3691 [eohric.

238 3743 277 3815 (5)
295 3743 397 3811 Edith,
411 3744 513 3799 mariee
525 3760 560 3797 en
573 3739 724 3813 premieres
736 3754 817 3791 noces
829 3739 845 3790 a
856 3734 1209 3809 Griffithap-Lbcwellyn,
1223 3738 1265 3791 roi

207 3833 245 3888 du
256 3831 471 3889 North-wales.
483 3831 564 3896 Nest,
578 3829 638 3883 leur
650 3826 714 3891 fille,
730 3827 810 3898 apres
822 3825 898 3879 avoir
907 3827 950 3881 ete
962 3823 1068 3880 seduite
1079 3845 1129 3898 par
1139 3824 1266 3894 Fleance,

208 3922 247 3978 fils
257 3923 292 3979 de
302 3924 417 3996 Eanquo
426 3921 485 3995 (qui
499 3921 587 3992 ligure
598 3918 665 3972 dans
678 3917 703 3972 la
711 3915 838 3989 tragedie
848 3914 884 3970 de
893 3915 1041 3982 Macheth,
1053 3925 1080 3969 et
1094 3915 1141 3988 qui
1154 3932 1223 3987 paya
1232 3913 1269 3969 de

208 4028 236 4068 aa
245 4013 304 4067 tete
316 4021 388 4066 cette
399 4008 570 4084 ingratitnde
580 4023 677 4062 envers
689 4022 739 4060 son
752 4005 845 4078 bote),
861 4007 961 4076 epousa
974 4002 1269 4075 Trahaern·ap-Cara·

208 4097 274 4166 doc,
287 4097 396 4155 celuici
409 4095 524 4152 succede
535 4098 550 4149 a
561 4092 677 4151 Griffith
689 4095 768 4166 apres
779 4092 897 4164 Blethyu
908 4102 936 4146 et
944 4089 1095 4157 Rivalhon‚
1105 4090 1194 4146 freres
1207 4092 1269 4144 ute-

209 4188 265 4242 rins
275 4186 311 4242 de
325 4205 356 4242 ce
370 4186 491 4242 dernier.
506 4186 579 4241 C'est
593 4184 628 4240 dc
642 4183 760 4255 Blcthyn
772 4201 826 4255 que
843 4193 922 4238 notre
935 4191 1034 4237 auteur
1047 4200 1063 4235 a
1076 4180 1159 4236 voulu
1170 4178 1269 4253 parler,
