2910 4980
208 435 318 512 [1067]
502 460 504 464 ,
578 433 695 494 tinen
716 433 910 508 Quassus.
939 445 943 455 ·
1216 433 1273 497 165

206 551 412 626 habendum
428 566 605 626 oeternum
628 576 747 652 regem
758 607 770 644 ,
789 557 888 653 cujus
904 553 1060 626 vicerint
1081 552 1248 652 praesidio
1259 582 1271 642 ;

206 669 361 741 nimium
392 668 549 768 opprimi
580 670 696 742 victos
732 696 809 743 non
845 685 1037 769 oportere3
1073 669 1273 743 viatoribus

205 785 428 886 professione
455 784 645 860 christiana
670 813 791 886 pares3
818 814 865 861 ne
888 812 979 886 quos
1003 790 1099 885 juste
1123 785 1274 886 subege-

206 904 301 992 rint,
319 903 460 1003 injuriis
476 902 519 975 ad
535 903 782 977 rebellandum
800 920 983 1004 cogerent.
999 904 1199 978 Seditiones
1215 906 1276 977 in-

204 1019 366 1107 terdixit,
381 1018 516 1092 eaedem
528 1037 566 1093 et
577 1046 725 1095 omnem
738 1021 914 1119 rapinam,
928 1020 1089 1109 frenans,
1105 1035 1148 1092 ut
1160 1047 1275 1121 popu-

201 1136 256 1209 los
275 1135 404 1223 armis,
425 1135 472 1206 ita
495 1134 632 1235 legibus
649 1162 755 1208 arma.
773 1134 937 1209 Tributis
954 1151 991 1210 et
1009 1137 1149 1210 cunctis
1165 1135 1273 1209 rebus

199 1251 245 1324 ad
260 1252 401 1350 regium
415 1250 540 1324 fiscum
554 1251 760 1341 reddendis,
775 1254 927 1328 modum
938 1254 1002 1354 qui
1020 1279 1095 1329 non
1109 1268 1272 1354 gravaret

200 1369 389 1468 imposuit.
410 1371 643 1458 Latrociniis,
663 1368 926 1459 invasionibus,
945 1369 1129 1443 maleficiis
1151 1369 1272 1444 locum

199 1513 352 1562 omnem
367 1488 462 1560 intra
476 1514 557 1561 suos
575 1489 750 1562 terminos
766 1489 965 1587 denegavit.
981 1489 1111 1561 Portus
1125 1482 1272 1587 et'quae-

198 1604 292 1679 libet
320 1606 449 1678 itinera
474 1603 760 1706 negotiatoribus
787 1621 927 1704 patere,
954 1620 991 1679 et
1014 1604 1151 1677 nullam
1176 1606 1272 1704 inju-

199 1723 294 1795 riam
321 1722 533 1822 fierijussit.
554 1724 613 1796 Sic
631 1724 784 1797 omnino
800 1721 915 1822 proba
932 1725 1007 1823 ejus
1029 1725 1068 1794 in
1084 1722 1270 1822 regnando

200 1840 306 1913 initia
322 1839 446 1927 fuere,
471 1854 507 1913 et
527 1840 748 1912 incrementa
768 1837 993 1938 probitatum
1008 1838 1052 1910 ad
1078 1837 1272 1910 utilitatem

199 1952 432 2028 subditorum
457 1954 598 2054 liquido
626 1953 779 2042 fulsere,
808 1980 890 2054 quae
912 1955 948 2027 in
976 1952 1083 2028 bonis
1109 1979 1272 2051 perseve-

198 2070 318 2142 rantia
343 2067 599 2170 laudabilisque
624 2069 706 2143 finis
730 2067 955 2144 evidentibus
971 2070 1114 2142 indiciis
1131 2067 1269 2142 confir-

197 2211 355 2259 mavere.

246 2303 416 2401 Egressus
443 2302 631 2378 Lundonia
655 2330 718 2376 rex
741 2302 814 2376 dies
838 2301 977 2402 aliquot
998 2301 1035 2372 in
1059 2301 1269 2400 propinquo

196 2418 283 2493 loco
301 2420 484 2520 Bercingis
502 2423 557 2518 (1)
581 2418 804 2506 morabatur,
823 2420 910 2492 dum
927 2417 1152 2491 firmamenta
1171 2443 1269 2516 quae·

195 2534 281 2607 dam
301 2536 339 2607 in
355 2534 444 2610 urbe
465 2552 593 2611 contra
609 2534 849 2610 mobilitatem
869 2536 1025 2636 ingentis
1045 2562 1084 2607 ac
1106 2534 1175 2608 feri
1199 2560 1269 2633 po-

194 2652 275 2752 puli
304 2653 578 2752 perficerentur.
614 2654 778 2726 Eduinus
810 2670 848 2726 et
882 2653 1066 2726 Morearus
1092 2652 1169 2750 (a),
1201 2648 1266 2722 filii

191 2768 349 2868 AEll'gari
375 2771 542 2862 comitis,
568 2770 643 2844 l'ere
665 2770 830 2844 omnium
851 2768 1054 2868 Anglorum
1072 2795 1202 2868 genere
1228 2794 1268 2839 ac

189 2887 359 2983 potentia
377 2887 523 2958 maximi
542 2886 587 2959 ad
603 2913 724 2988 regem
738 2887 909 2975 veniunt,
928 2887 1140 2987 veniamque
1154 2887 1182 2956 si
1197 2911 1268 2986 qua

192 3001 236 3072 iu
252 3027 294 3074 re
313 3018 440 3087 contra
457 3030 540 3077 eum
556 3004 734 3078 senserint
753 3018 928 3102 poscunt,
947 3018 984 3075 et
1008 3028 1043 3075 se
1067 3017 1268 3101 cunctaque

190 3144 260 3190 sua
282 3122 358 3217 ejus
379 3119 580 3194 clementiae
602 3120 763 3193 tradunt.
787 3120 924 3194 Deinde
948 3120 1050 3194 Coxo
1074 3123 1126 3213 (ὅ)
1149 3144 1268 3192 comes

192 3234 415 3310 fortitudine
439 3252 475 3311 et
497 3237 678 3336 probitate
702 3239 910 3338 singularis,
935 3253 970 3309 et
995 3235 1200 3309 Turchillus
1224 3235 1267 3307 de

234 3574 274 3642 (t)
293 3570 424 3646 Barlsiug.

233 3661 272 3730 (a)
290 3659 404 3730 Edwin,
415 3672 505 3718 comte
516 3662 550 3718 de
560 3664 677 3730 Mercie,
688 3673 717 3717 et
727 3663 845 3727 lllorean
856 3673 947 3717 comte
959 3661 994 3716 de
1007 3661 1220 3716 Northumbrie.
1230 3690 1265 3702 -

194 3746 276 3804 ttous
293 3768 413 3822 pensons
428 3769 492 3806 avec
509 3763 573 3808 tons
589 3753 629 3807 les
642 3761 735 3807 autres
751 3753 903 3807 historiens
916 3770 972 3826 que
984 3769 1030 3807 ces
1042 3751 1115 3807 deux
1127 3753 1266 3825 puissants

196 3854 383 3913 personnages
393 3841 501 3895 avaient
512 3841 562 3896 lait
573 3841 633 3896 leur
643 3841 808 3896 soumissiou
818 3839 1004 3896 aGuillaume
1015 3843 1030 3895 a
1040 3838 1263 3896 Berkhamstead.

234 3925 271 4000 (3)
289 3929 329 3984 Ce
343 3944 529 4004 personnage,
542 3930 612 3987 dont
623 3932 650 3986 le
668 3933 725 3986 vrai
738 3950 804 3986 nom
821 3941 864 3986 est
874 3932 971 4004 (10ρεί,
987 3931 1186 3998 administrait,
1201 3948 1265 3984 sous

198 4013 337 4076 l’autorite
355 4019 390 4076 de
408 4021 528 4090 Mercar,
551 4032 628 4078 toute
649 4022 802 4077 lacoutre'e
825 4023 913 4078 situas
933 4040 968 4076 au
987 4021 1059 4077 nord
1077 4020 1113 4076 de
1134 4020 1159 4075 la
1174 4021 1263 4094 Tyne.

202 4103 275 4161 Nous
286 4108 400 4163 u'avons
416 4127 465 4182 pas
480 4111 674 4166 connaissance
686 4110 755 4184 qu'il
768 4112 807 4166 ait
816 4110 915 4181 jamais
931 4113 975 4167 ete
988 4110 1083 4165 revetu
1096 4109 1135 4164 du
1149 4110 1216 4164 titre
1229 4109 1263 4164 de

201 4209 296 4253 comte.
