2910 4980
205 448 413 525 [ross-roso]
578 449 696 512 unm
716 451 895 514 rannus.
1214 465 1270 526 131

203 563 347 663 adjutus
364 563 582 639 llerbertum
596 569 806 667 pincernam
818 574 952 647 amoris
968 576 1112 675 glutino
1129 579 1194 652 sibi
1208 584 1274 655 ad·

199 683 343 782 junxit,
360 684 423 782 qui
443 699 526 783 post
537 702 696 759 mortem
712 686 878 763 Herberti
897 694 1040 790 cognati
1060 696 1133 781 sui,
1151 696 1274 773 fratris

203 801 372 875 videlicet
402 802 543 875 Ricardi
577 804 779 893 vulnerati,
815 806 1040 883 medietatem
1071 812 1168 885 feudi
1199 819 1274 914 ejus

204 918 338 992 Sancto
359 917 515 993 Ebrulfo
539 923 726 994 concessit.
749 921 801 994 lbi
828 926 1000 1024 Rogerius
1024 927 1190 1002 laborans
1209 931 1274 1006 be-

201 1033 316 1106 nivoli
336 1036 520 1132 juvamine
544 1038 688 1134 patroni
708 1036 828 1111 locum
848 1040 983 1138 ipsum,
1007 1045 1069 1142 qui
1088 1045 1150 1116 diu
1170 1062 1273 1121 antea

200 1167 354 1251 propter
371 1152 541 1237 lllefflm
568 1167 604 1225 et
631 1153 697 1225 alia
726 1155 926 1228 infortunia
948 1158 1107 1231 desertus
1128 1160 1247 1236 fuerat
1259 1219 1271 1255 ,

200 1269 379 1356 excoluit,
401 1267 524 1370 ibique
544 1269 717 1369 Rogerius
738 1270 783 1344 de
804 1272 921 1371 Sappo
945 1291 1029 1372 post
1046 1275 1189 1376 aliquot
1206 1306 1273 1351 an·

198 1411 268 1459 nos
283 1383 460 1484 praedicto
471 1386 603 1460 seniori
618 1387 825 1477 succedens,
842 1388 1025 1462 ecclesiam
1036 1390 1081 1464 de
1095 1390 1272 1490 lapidibus

198 1504 375 1577 aedificare
385 1505 695 1603 coepit.Praesatus
703 1507 801 1578 enim
810 1506 955 1578 milesin
967 1509 1270 1586 totoWilcassino

197 1624 356 1696 multum
365 1622 527 1723 vigebat,
541 1622 741 1723 opibusque
754 1641 791 1696 et
804 1623 887 1696 filiis
899 1625 1095 1727 validisque
1107 1631 1271 1727 parenti-

197 1738 266 1812 bus
283 1758 320 1814 et
341 1739 505 1813 affinibus
524 1742 733 1841 ampliatus,
752 1769 844 1842 pene
867 1745 1038 1818 omnibus
1054 1747 1182 1818 vicinis
1198 1749 1271 1821 suis

198 1857 392 1934 eminebat.
409 1858 512 1932 Uxor
524 1861 555 1932 ei
569 1874 646 1932 erat
661 1861 811 1934 nomine
824 1860 1026 1953 Rollandis,
1043 1863 1115 1935 lilia
1133 1862 1270 1938 Odonis

195 1977 241 2051 de
256 1977 482 2051 Calvimonte
496 1979 570 2077 (1),
586 2005 668 2078 quae
685 1980 826 2077 peperit
840 1981 872 2051 ei
888 1978 1126 2053 Godesridum
1143 1999 1180 2054 et
1198 1983 1270 2056 Pe-

197 2110 317 2186 trum,
337 2097 586 2196 Joannemque
604 2112 641 2170 et
655 2097 873 2189 Walonem,
894 2113 930 2170 et
950 2097 1039 2169 filias
1064 2098 1202 2197 plures,
1224 2127 1269 2174 ex

196 2212 329 2315 quibus
343 2229 424 2287 orta
436 2228 489 2286 est
500 2215 601 2313 copia
615 2240 742 2314 magna
754 2229 944 2312 nepotum.
960 2215 1093 2288 Omnes
1106 2216 1162 2287 isti
1177 2247 1186 2287 :
1201 2244 1269 2316 pa-

197 2344 254 2404 ter
267 2329 403 2404 scilicet
419 2347 455 2405 et
470 2331 632 2430 praedicti
649 2331 795 2418 fratres,
813 2330 946 2403 milites
964 2329 1114 2403 fuerunt
1127 2359 1267 2432 magnae

195 2445 405 2545 probitatis,
422 2463 459 2518 et
474 2448 672 2546 (quantum
688 2445 843 2519 exterius
858 2445 990 2544 patuit)
1005 2472 1087 2545 erga
1102 2446 1218 2519 Deum
1231 2465 1268 2522 et

194 2561 359 2637 homines
383 2560 545 2661 probatae
569 2562 769 2662 legalitatis.
799 2561 930 2635 Mulier
954 2588 1041 2636 vero
1064 2563 1266 2662 supradicta

194 2681 295 2754 omni
307 2680 379 2752 vita
393 2706 453 2752 sua
463 2679 535 2752 fuit
544 2679 683 2752 eximiae
692 2677 906 2769 honestatis,
916 2694 953 2751 et
963 2677 1078 2750 adhuc
1088 2697 1264 2778 superstes

194 2813 263 2887 est,
280 2800 360 2871 viro
376 2797 570 2898 liberisque
586 2799 630 2870 de
643 2795 782 2870 mundo
791 2794 1005 2894 jamdudum
1018 2795 1176 2869 sublatis.
1192 2798 1265 2871 llo·

191 2942 273 2989 rum
286 2915 508 3018 benignitate
519 2932 556 2989 et
567 2916 735 3016 suffragio
748 2914 879 3014 capella
890 2916 931 2986 B.
946 2913 1085 2987 Nicolai
1098 2914 1262 3013 praesulis

191 3035 384 3107 instaurata
394 3051 468 3125 est,
478 3049 515 3109 et
524 3032 653 3107 habilis
663 3032 1127 3121 habitatiomonachorum,
1137 3035 1199 3132 qui
1213 3060 1265 3108 re·

191 3153 364 3252 gulariter
373 3155 503 3225 vivunt
515 3168 551 3226 et
562 3179 686 3252 pacem
696 3166 834 3239 amant,
847 3177 959 3251 usque
972 3150 1078 3224 hodie
1090 3149 1180 3222 lacta
1193 3167 1258 3222 est.

243 3269 384 3343 Eodem
416 3284 581 3369 tempore
606 3268 794 3360 Fulcoius,
821 3265 999 3365 Radulpbi
1025 3266 1069 3340 de
1097 3264 1261 3341 Caldreio

191 3385 287 3459 filius
299 3387 367 3486 (2),
384 3385 624 3461 venerabilem
638 3387 836 3486 Rogerium
848 3410 917 3482 pro
929 3382 1143 3456 multimoda
1159 3379 1263 3454 boni·
1372 3369 1376 3380 ¹

190 3519 276 3593 tate,
288 3529 360 3605 qua
371 3502 525 3603 vigebat,
539 3503 696 3575 multum
705 3502 891 3589 adamavit,
907 3501 1094 3600 filiumque
1105 3526 1210 3571 suum
1218 3498 1262 3572 ad

189 3617 434 3693 levandumde
442 3646 542 3694 sacro
553 3618 774 3719 baptismatis
783 3619 887 3694 fonte
898 3617 1105 3717 benigniter
1115 3618 1146 3690 ei
1156 3615 1262 3692 obtu-

189 3735 252 3823 lit,
266 3762 376 3836 quem
391 3736 450 3808 ille
463 3753 646 3836 gratanter
658 3737 824 3836 suscepit.
846 3735 982 3808 Deinde
999 3737 1208 3835 cognitione
1225 3751 1262 3809 et

187 3852 381 3929 dilectione
400 3855 573 3954 paulatim
595 3870 774 3928 crescente
797 3855 835 3926 in
855 3852 946 3944 illis,
967 3853 1135 3925 Fulcoius
1157 3878 1261 3925 com-

219 4145 230 4213 (
239 4147 264 4215 1)
281 4143 611 4200 chaumont-en-venn.
649 4147 651 4151 ’

218 4235 257 4304 (a)
279 4235 375 4306 Voyez
390 4235 415 4291 le
428 4233 519 4290 meme
529 4251 702 4307 personuage
716 4230 866 4298 sidereus,
881 4248 909 4302 p.
929 4225 986 4283 115.
