2910 4980
192 425 253 488 soa
466 423 653 486 atsroan
675 420 982 484 accaesusrma.
1007 423 1262 505 [amatores]

191 563 229 622 et
251 545 380 620 devote
408 544 593 619 celebrant
616 560 653 618 v·
681 544 759 623 idus
779 543 860 644 julii
881 544 949 643 (ι).
974 542 1064 617 ΙΙΙιιε
1089 542 1261 619 osvaldus

191 662 407 735 reverendus
426 660 626 736 adolescens
643 661 788 734 accessit
805 676 846 734 ut
865 658 1062 735 monachus
1081 659 1204 751 ficret,
1224 674 1262 735 et

192 777 432 852 monachilem
456 803 624 852 normam
646 777 844 864 edisceret,
873 804 1045 878 suamque
1067 779 1181 851 vtum
1203 802 1262 853 ae-

192 896 353 970 cundum
367 896 591 973 voluntatem
603 896 668 971 Dei
683 894 875 970 salubriter
888 911 1086 985 coerceret,
1102 896 1262 998 aliosque

193 1015 297 1110 hujus
318 1012 456 1087 ordinis
477 1026 654 1087 amatores
678 1040 743 1112 per
766 1013 1014 1114 apostolorum
1032 1014 1182 1115 vestigia
1199 1038 1263 1087 su·

192 1154 317 1229 perure
341 1131 540 1206 vocationis
565 1130 609 1204 ad
635 1129 800 1203 bravium
818 1129 1056 1230 pertraheret.
1085 1129 1194 1224 Quod
1213 1130 1262 1203 ita

192 1249 329 1321 lactum
345 1265 411 1323 est.

243 1366 329 1438 Post
356 1365 494 1465 aliquot
517 1390 631 1438 annos
653 1363 825 1437 osvaldus
849 1391 868 1436 a
889 1363 1116 1437 Floriacense
1141 1360 1264 1435 archi·

195 1481 372 1555 mandrita
383 1479 588 1580 benigniter
599 1480 811 1580 rogantibus
824 1480 950 1581 Anglis
961 1480 1123 1554 redditae
1132 1480 1263 1578 est(a).

194 1597 244 1668 Et
260 1597 344 1696 quia
368 1595 559 1695 multiplici
578 1611 650 1668 tam
667 1597 854 1696 sagacitate
870 1623 978 1696 quam
998 1595 1164 1668 bonitate
1181 1593 1265 1695 pul·

193 1712 304 1799 lebat,
321 1712 491 1786 omnibus
501 1711 641 1813 Angliae
653 1711 833 1786 coenobiis
845 1713 1061 1812 praepositus
1071 1710 1265 1786 estveoa·

195 1827 324 1903 rabiles
336 1856 483 1932 quoque
493 1831 561 1904 viri
576 1831 781 1904 Dunstanus
793 1857 833 1904 ac
846 1828 1063 1905 Adelvoldus
1076 1854 1160 1903 eum
1173 1854 1267 1902 sum-

194 1972 342 2044 mopere
369 1946 603 2046 adjuverunt,
631 1962 669 2022 et
692 1948 915 2020 Glastoniam
941 1972 982 2018 ac
1008 1944 1267 2020 abundoniam

193 2062 363 2162 primitus
381 2062 556 2136 institutis
573 2062 796 2161 regularibus
815 2064 1081 2135 instruxerunt.
1101 2061 1166 2133 llis
1181 2059 1267 2134 doc·

195 2176 338 2252 toribus
356 2176 510 2253 fideliter
526 2178 744 2254 obedierunt
762 2205 862 2281 reges
881 2181 1084 2279 Anglorum
1101 2176 1267 2253 Adelsta·

195 2323 264 2370 nus
277 2349 289 2385 ,
321 2295 519 2388 AEdredns‚
554 2295 790 2385 Edmundus,
825 2312 863 2371 et
895 2296 1076 2396 praecipne
1105 2294 1268 2394 Edgums

195 2410 379 2486 Edmundi
394 2413 501 2487 filius.
523 2412 606 2505 Quo
619 2429 793 2512 regnante
810 2414 1015 2486 Dunatauus
1029 2409 1267 2485 Doroberniae

196 2529 498 2627 metropolitanus
514 2528 630 2602 factus
643 2546 715 2616 est,
729 2556 769 2602 ac
783 2529 999 2603 hdelvoldus
1012 2527 1269 2603 Guento'nien·

196 2647 243 2719 sis
257 2647 389 2748 praesul
405 2648 668 2721 inthronizatus
679 2665 745 2722 est.
761 2646 1058 2720 0svaldusautem
1069 2643 1270 2746 priusGui·

195 2789 410 2864 gornensem
427 2766 689 2863 episcopatum,
706 2791 746 2837 ac
758 2781 879 2864 postea
896 2765 989 2838 rexit
1004 2762 1269 2837 Eboracenaent

197 2880 544 2979 archipraesulatum.
566 2884 707 2956 llornm
725 2881 894 2983 precibus
913 2882 1149 2956 Floriacensis
1163 2879 1272 2955 abbo

197 2997 337 3095 sapiens
369 3010 477 3096 atque
507 2998 694 3098 religiosus
724 2998 909 3071 coenobita
940 2998 1067 3070 missus
1094 3014 1149 3071 est
1172 3011 1272 3069 trans

198 3138 316 3201 mare,
331 3128 367 3187 et
384 3116 625 3202 monasticum
637 3141 741 3188 usum
757 3115 881 3193 docuit
893 3107 1066 3219 Ramesi'ae
1083 3128 1120 3187 et
1137 3115 1175 3186 in
1193 3112 1272 3186 aliis

201 3233 426 3306 monasteriis
444 3234 604 3334 angliae,
624 3235 728 3307 sicuti
748 3232 941 3306 tenebatur
957 3224 999 3305 in
1012 3229 1127 3305 Gallia
1145 3229 1272 3305 eodem

201 3366 364 3449 tempore
379 3352 449 3451 (3).
467 3348 637 3425 Studium
660 3352 856 3425 sanctitatis
883 3351 1053 3431 ettotius
1075 3348 1272 3423 honestatis

236 3571 275 3639 (t)
295 3571 331 3624 Le
343 3590 368 3624 rr
379 3571 483 3643 juillet.
497 3571 636 3645 Cisalpini
642 3570 788 3627 coenobitoe
800 3570 910 3645 signilie
922 3570 958 3625 ici
971 3570 1028 3625 :les
1040 3570 1148 3625 moines
1156 3587 1194 3624 eu
1205 3566 1272 3643 dect

200 3658 249 3714 dea
260 3660 358 3734 Alpes,
374 3671 402 3717 et
415 3679 471 3717 non
486 3680 535 3735 pas
545 3659 586 3718 lea'
594 3662 701 3717 moines
713 3660 749 3716 de
760 3659 786 3715 la
798 3660 890 3717 Gaule
901 3657 1043 3732 cisalpine.

235 3752 273 3821 (a)
293 3752 329 3805 Le
346 3767 449 3824 voyage
466 3749 501 3804 de
515 3751 587 3805 saint
601 3748 716 3806 Oswald
733 3753 749 3804 a
768 3746 1023 3804 Flami-sur-Loire
1041 3746 1130 3820 parsit
1147 3746 1226 3802 avoir
1237 3764 1273 3803 ea

200 3840 257 3896 lieu
276 3858 337 3894 vers
352 3838 379 3894 le
396 3839 492 3894 milieu
505 3839 545 3894 dn
555 3848 582 3893 a·
594 3840 690 3906 siecle;
710 3856 760 3894 sou
773 3849 871 3894 retour
880 3854 916 3891 en
934 3836 1099 3910 Angleterru
1114 3854 1151 3891 en
1163 3835 1229 3910 961,
1244 3852 1273 3891 ι

200 3931 386 4003 promotionis
399 3928 519 3985 l’eveche
530 3929 565 3984 de
576 3930 738 3985 Wcrcester
750 3928 856 3985 l'aunee
868 3929 1003 3994 suivante,
1017 3936 1046 3982 et
1056 3930 1071 3981 'a
1082 3924 1273 3982 larehevtsht

202 4019 304 4074 d’Yorlt
317 4038 352 4074 en
366 4037 428 4095 970.

239 4108 277 4175 (ὅ)
297 4111 350 4164 Sur
363 4110 435 4164 saint
442 4110 568 4164 Dunstau
576 4119 605 4164 et
612 4110 684 4164 saint
693 4106 871 4174 Athelwood‚
883 4124 965 4177 noyez
974 4105 1121 4170 ardescas,
1136 4122 1154 4172 ι,
1166 4123 1194 4177 p.
1209 4102 1271 4170 1645

204 4217 251 4251 sur
261 4197 299 4252 las
314 4201 481 4253 nionastlrcs
492 4198 526 4252 dc
539 4198 728 4269 Glaatonhurr
743 4207 769 4252 et
783 4196 975 4267 tl'llbiugdon‚
987 4193 1013 4249 le
1025 4195 1204 4249 Monostlcon
1214 4192 1273 4248 Aa·
