2910 4980
191 453 358 535 [emtas]
562 448 680 514 rernm
700 448 890 526 ausurus.
1193 452 1249 511 271

191 574 294 646 tione
305 572 507 659 lassaretur,
523 596 568 643 en
582 566 867 641 Bartholomaeus
880 562 971 639 fidus
984 565 1126 664 adjutor
1135 583 1252 642 matu-

191 690 279 765 tinis
295 689 424 791 vigiliis
443 688 589 762 instanti
607 687 723 786 palam
738 701 897 784 apparet,
917 699 955 757 et
970 685 1157 784 praeceptis
1178 687 1254 786 spi-

189 806 383 881 ritualibus
415 805 653 905 trepidantem
686 802 919 891 consortans,
952 801 1125 874 auxilium
1154 804 1196 876 ei⁴
1216 804 1254 876 in

190 922 362 997 omnibus
376 920 547 1022 spondet,
564 935 601 994 et
617 919 654 992 in
672 916 795 990 multis
809 914 1070 991 tentationibus
1081 919 1255 1016 promissa

190 1065 253 1113 sun
270 1039 425 1114 fideliter
440 1037 610 1135 complet.

239 1153 321 1227 lllia
335 1154 393 1228 die
412 1153 486 1227 duo
503 1153 685 1226 daemones
708 1153 746 1223 in
768 1149 957 1223 hominum
975 1150 1092 1248 specie
1109 1150 1153 1221 ad
1172 1177 1254 1224 eum

191 1271 368 1360 veniunt,
404 1296 559 1372 eumque
593 1283 771 1343 tentantes
807 1283 850 1339 ut
878 1268 1032 1339 nimium
1060 1269 1257 1366 jejunando

191 1389 349 1488 Moysen
372 1385 563 1476 millium,
592 1385 750 1484 aliosque
776 1385 965 1484 AEgyptios
994 1398 1120 1483 patres.
1134 1384 1256 1459 imita-

192 1519 309 1593 retur‚
332 1502 499 1577 incitant.
519 1503 567 1575 At
587 1501 646 1575 ille
666 1500 819 1599 psallens
843 1503 881 1574 in
898 1517 1148 1601 contemptum
1171 1503 1256 1577 illo·

193 1644 277 1692 mm
292 1617 449 1694 ordeicei
466 1618 569 1715 panis
582 1615 756 1716 particula
772 1617 865 1689 vesci
882 1617 1009 1715 coepit.

241 1734 447 1836 Aliquando
457 1733 542 1806 dum
554 1735 611 1805 vir
624 1733 688 1805 Ilei
702 1732 852 1832 pervigil
865 1731 1032 1831 precibus
1044 1735 1255 1833 intempesta

193 1865 303 1926 nocte
322 1853 520 1942 insisteret,
537 1866 695 1926 catervas
711 1850 920 1924 daemonum
939 1851 1100 1952 undique
1119 1853 1256 1952 ingredi

194 1968 321 2042 cellam
340 1994 439 2040 suam
457 1968 568 2042 videt.
594 1968 711 2060 Quem
730 1967 846 2066 ligatis
863 1965 1035 2041 membris
1057 1983 1155 2041 extra
1184 1971 1258 2042 cel-

193 2083 266 2156 lam
293 2080 453 2171 ducunt,
485 2098 522 2156 et
553 2083 591 2155 in
619 2106 804 2155 coenosam
828 2082 995 2181 paludem
1023 2084 1255 2183 immergunt.

194 2199 333 2273 Deinde
343 2224 408 2298 per
420 2196 556 2298 paludis
569 2200 762 2298 asperrima
776 2199 852 2271 loca
867 2199 962 2271 inter
973 2197 1079 2273 densa
1093 2200 1258 2299 veprium

195 2315 330 2388 vimina
342 2329 547 2416 asportant,
564 2331 601 2388 et
612 2328 694 2414 post
706 2313 995 2389 dilacerationem
1009 2314 1256 2390 membrorum

195 2428 242 2505 de
271 2457 393 2505 eremo
425 2431 528 2503 illum
551 2429 729 2504 discedere
760 2431 950 2529 imperant.
982 2431 1065 2523 Quo
1088 2431 1258 2519 nolente,

195 2545 322 2622 lemeis
344 2573 426 2621 euru
451 2546 570 2648 flagris
590 2544 798 2635 verberant,
826 2572 867 2619 ac
891 2561 973 2646 post
993 2548 1152 2648 ingentia
1179 2563 1260 2621 tor-

196 2680 319 2739 menta
340 2666 436 2739 inter
457 2663 622 2738 nubifera
647 2663 754 2765 gelidi
775 2666 865 2738 aeris
890 2666 1000 2765 spatia
1025 2664 1259 2753 subvectant,

199 2782 352 2884 indeque
373 2809 393 2855 a
413 2782 683 2882 septentrionali
706 2781 807 2883 plaga
831 2783 1028 2857 innumeris
1052 2782 1261 2858 daemonum

198 2898 328 2971 turmis
343 2897 617 2972 adventantibus
633 2923 745 2999 usque
756 2898 801 2970 ad
812 2900 954 2972 Tartari
970 2899 1088 2974 lauces
1103 2901 1257 2974 minant.

200 3017 305 3089 Tunc
330 3014 526 3089 Guthlacus
549 3017 632 3088 visis
658 3017 832 3116 gehenuae
858 3017 976 3114 poenis
1000 3033 1171 3106 terretur,
1201 3017 1260 3091 sed

199 3133 306 3205 minis
323 3130 531 3206 doemonum
547 3134 762 3232 contemptis
781 3132 824 3207 ad
837 3137 952 3208 Deum
964 3134 1170 3208 medullitus
1187 3161 1260 3206 sus·

200 3249 306 3346 pirat.
321 3245 397 3320 Nec
408 3272 509 3321 mora
523 3249 560 3319 S.
576 3247 858 3322 Bartholomaeus
872 3252 1007 3323 coelesti
1023 3249 1262 3348 lucesplendi-

201 3365 264 3436 dus
281 3363 335 3436 illi
355 3364 470 3454 adest,
491 3381 628 3437 etcum
645 3392 773 3466 magna
793 3368 913 3467 quiete
931 3365 976 3438 ab
994 3367 1077 3464 ipsis
1098 3364 1260 3439 hostibus

202 3479 321 3554 reduci
342 3480 387 3559 ad
405 3483 589 3580 propriam
612 3482 729 3555 sedern
746 3481 863 3580 jubet.
891 3483 945 3554 llli
972 3508 1057 3557 vero
1079 3499 1261 3582 gementes

202 3596 354 3696 apostoli
364 3599 467 3695 jussis
481 3595 743 3685 obsecundant,
765 3615 801 3672 et
813 3599 926 3698 angeli
941 3600 1133 3699 gaudentes
1149 3599 1262 3672 dulci-

206 3715 307 3787 terei
320 3711 463 3786 obviam
477 3730 622 3787 cantant
641 3745 649 3785 :
670 3714 781 3787 Ibunt
794 3717 914 3789 sancti
926 3715 971 3787 de
983 3718 1113 3788 uirtute
1131 3719 1169 3787 in
1181 3718 1263 3789 oir-

205 3832 341 3928 tutem(
363 3833 393 3929 ).

250 3947 437 4021 Multoties
453 3963 488 4020 et
502 3950 624 4020 multis
639 3948 753 4023 modis
766 3949 946 4023 daemones
956 3948 1173 4023 Guthlacum
1192 3968 1264 4026 ter-

237 4196 275 4266 (t)
294 4192 395 4248 Psalm.
412 4214 517 4265 extant,
536 4199 559 4252 8.
