2926 4980
564 435 681 496 mnan
702 436 886 512 Quirinus.
1201 442 1256 502 471

194 555 316 628 bertus
340 553 516 627 dederunt
545 573 669 631 sancto
698 556 854 630 Ebrulfo
886 584 1000 629 unum
1024 584 1190 658 campum
1216 562 1261 635 de

193 699 358 744 mansura
370 671 545 745 Rodberti
559 671 742 771 cujusdam
753 674 876 746 villani
885 729 896 761 ,
917 675 954 746 in
969 678 1158 772 praesentia
1172 678 1261 752 Rod-

195 787 287 860 berti
310 788 355 861 de
371 790 503 863 Sancto
526 788 676 862 Nicolao
698 793 753 888 (i)
764 845 776 879 ,
798 790 874 890 ipso
893 790 1081 866 liudberto
1101 819 1261 894 conque-

195 922 316 994 rente,
332 906 430 1006 quod
443 921 574 979 terram
590 933 664 981 non
681 906 827 981 haberet
840 909 903 979 uni
920 935 1077 981 carrucae
1091 912 1262 984 sufficien-

196 1038 283 1096 tem.
304 1022 488 1122 Quidquid
501 1024 615 1098 Fuico
631 1024 675 1096 de
687 1026 820 1099 Sancto
833 1022 969 1097 Atbino
982 1029 1038 1125 (a)
1055 1028 1091 1099 in
1105 1028 1262 1103 Vitiariis

195 1142 239 1214 de
253 1158 346 1215 terra
360 1167 420 1212 sua
434 1142 533 1216 dedit
545 1157 669 1215 sancto
681 1142 836 1217 Ebrnlfo
843 1195 855 1231 ,
873 1141 1030 1216 haeredes
1043 1147 1116 1241 ejus
1129 1146 1264 1218 Tedri-

196 1285 258 1331 cus
269 1275 305 1332 et
316 1259 503 1331 Rainerius
518 1276 785 1350 concesserunt,
794 1275 831 1332 et
843 1286 971 1332 uxores
984 1285 1110 1333 eorum
1122 1261 1263 1338 Emme·

196 1375 269 1447 lina
284 1389 319 1449 et
330 1374 513 1449 Tescelina
526 1377 585 1474 (ex
602 1375 733 1476 quibus
749 1390 825 1448 erat
837 1374 1051 1474 haereditas),
1067 1368 1264 1454 retinentes

197 1490 279 1563 inde
289 1507 428 1590 partem
442 1492 598 1592 aliquam
611 1491 656 1564 ad
670 1491 938 1591 hospitandum,
953 1493 1104 1568 domino
1117 1495 1263 1569 iliorum

196 1609 399 1682 Alexandro
416 1626 611 1684 annuente.

246 1727 425 1800 Prolixam
448 1729 692 1802 narrationem
718 1728 762 1801 de
787 1727 894 1802 rebus
919 1729 1080 1804 Uticensi
1109 1731 1266 1805 ecclesiae

197 1843 288 1915 datis
301 1844 496 1942 protelavi;
516 1845 578 1919 sed
592 1847 745 1920 necdum
760 1873 886 1920 omnes
904 1848 941 1919 in
955 1851 1123 1946 praesenti
1142 1849 1266 1925 libello

199 1960 502 2057 comprehendere
526 1962 633 2033 valui.
656 1965 748 2034 Sunt
771 1963 906 2034 etenim
930 1990 1064 2062 parvae,
1088 1981 1124 2037 et
1146 1994 1164 2037 a
1188 1994 1268 2040 me-

198 2074 382 2148 diocribus
399 2094 461 2148 ant
477 2074 660 2149 blanditiis
680 2077 887 2166 abstractae‚
909 2096 971 2152 aut
984 2080 1041 2167 vi,
1058 2108 1119 2154 seu
1133 2084 1265 2182 pretio,

198 2191 255 2263 sel
270 2190 341 2263 alio
355 2190 520 2292 quolibet
533 2192 642 2266 modo
656 2208 828 2284 extortae,
843 2194 1064 2295 sparsimque
1077 2222 1142 2294 per
1155 2197 1268 2296 pluri·

199 2334 274 2380 mas
283 2308 454 2382 dioeceses
464 2308 603 2382 diffusae
610 2336 622 2398 ς
635 2309 672 2381 in
683 2306 816 2409 quibus
825 2309 1087 2384 monachorum
1098 2339 1269 2386 numerus

200 2424 397 2498 secundum
424 2426 665 2526 quantitatem
692 2427 923 2525 possessionis
953 2429 1202 2517 constituitur,
1233 2444 1270 2503 et

200 2567 269 2639 pro
290 2540 492 2616 fautoribus
517 2543 589 2615 suis
614 2544 651 2615 in
669 2540 814 2644 hymnis
838 2558 875 2615 et
894 2542 1061 2643 precihus
1088 2559 1124 2616 et
1148 2544 1271 2618 conti-

201 2657 301 2730 nenti
323 2657 392 2727 vita
413 2657 564 2732 domino
581 2657 744 2758 quotidie
766 2657 971 2730 famulatur.
999 2658 1089 2752 Quae
1112 2674 1268 2747 restant,
1332 2654 1334 2658 ⁴

202 2773 240 2845 in
258 2775 419 2874 sequenti
436 2775 611 2877 opusculo
629 2777 804 2850 veraciter
821 2776 1052 2876 colligentur,
1073 2792 1110 2850 et
1128 2777 1271 2850 notitiae

201 2887 376 2978 fratrum,
396 2893 459 2991 qui
477 2890 585 2965 nobis
602 2892 647 2965 ad
665 2890 904 2965 laborandum
924 2893 962 2964 in
982 2918 1068 2992 agro
1086 2892 1271 2968 dominico

204 3003 413 3092 succedent,
435 3005 574 3104 liquido
590 3007 808 3106 pandentur.

206 3293 281 3358 rien,
296 3292 442 3365 puiaqu'on
452 3293 550 3365 ignore
559 3291 585 3345 la
597 3290 660 3347 date
672 3293 707 3347 de
717 3291 742 3346 la
755 3303 829 3346 mort
838 3290 977 3346 d'Ascelin
987 3291 1070 3348 Geel.
1084 3291 1107 3346 ll
1117 3304 1159 3349 est
1167 3296 1274 3350 certain

206 3399 242 3434 au
260 3382 351 3435 moins
363 3399 418 3454 que
431 3382 524 3437 c’etait
540 3392 622 3436 avant
639 3401 719 3453 1119,
735 3384 842 3454 epoqne
860 3383 897 3435 οὺ
916 3400 966 3435 son
980 3382 1022 3436 fils
1037 3382 1143 3437 Robert
1159 3385 1228 3438 etait
1239 3403 1275 3438 en

208 3469 360 3539 possession
371 3467 407 3522 de
418 3485 460 3522 ses
472 3467 624 3524 domaines.

242 3558 280 3629 (1)
299 3559 444 3613 peut-atre
456 3558 677 3626 saint-Nicone,
688 3559 805 3614 hameau
817 3557 852 3613 de
864 3559 1164 3615 Montsortd’Amauri.
1355 3626 1357 3630 ι

243 3648 281 3717 (a)
300 3648 377 3701 Nous
391 3667 426 3701 nc
440 3648 617 3703 connaissons
629 3647 709 3720 point
721 3645 756 3700 de
768 3647 957 3702 Saint-Auhin
975 3649 1036 3720 pins
1054 3649 1141 3703 voisin
1159 3648 1193 3702 de
1206 3659 1278 3703 cette

208 3739 321 3790 contree
332 3755 386 3811 que
397 3737 599 3805 saint-dubim
615 3738 679 3810 pres
694 3735 996 3809 Neauphie-le-Vieux.

492 4005 494 4010 ’
585 4021 659 4060 sinis
680 4017 749 4058 rom
772 4019 903 4058 sacuam.
