2910 4980
212 376 272 439 354
488 377 672 438 lllSTORlA
694 377 998 441 ECCLESIASTICA.

210 493 254 566 ab
274 494 436 594 Augusto
457 495 740 596 regnavitannis
764 523 799 572 v.
824 496 934 573 Anno
955 499 1002 572 ab
1025 501 1268 580 incarnatione

210 611 356 685 Domini
374 616 457 683 uce⁰
472 627 533 684 ax⁰
546 621 627 685 νιιιο
649 613 821 713 Pippinus
839 640 901 688 rex
918 631 1004 689 v111⁰
1020 618 1091 692 kal.
1112 620 1268 696 octobris

208 725 301 801 obiit
319 728 335 826 (
341 731 374 816 ι)
383 781 394 816 ,
409 728 513 828 eique
528 728 681 801 Karolus
698 730 848 830 Magnus
862 728 956 803 filius
972 735 1048 830 ejus
1063 737 1243 810 successit.

206 925 250 981 29.
348 907 449 963 Praeaul
463 907 634 977 meinardus,
649 908 781 964 bonitatis
794 909 880 965 odore
891 910 1025 979 refertus,

345 998 489 1071 Subjectos
498 998 608 1067 docuit,
622 999 757 1054 viciorum
771 998 851 1054 sorde
865 1000 950 1074 piavit
959 1002 1008 1071 (a).

202 1166 269 1238 llic
288 1191 353 1237 vin
371 1167 473 1239 annis
493 1181 655 1268 tempore
672 1163 819 1237 Adriani
835 1190 937 1266 papae
954 1166 1095 1241 claruit.
1115 1170 1266 1244 Karolus

203 1297 255 1354 vi⁰
269 1309 366 1356 anno
378 1283 480 1382 regni
494 1283 547 1352 sui
563 1282 715 1354 Romam
725 1282 822 1353 vadit
828 1309 839 1369 ;
852 1281 934 1356 inde
948 1310 1110 1358 reversus
1121 1288 1264 1386 Papiam

199 1401 316 1499 cepit,
334 1399 557 1473 Desiderium
571 1425 691 1498 regem
707 1396 1043 1499 Langobardorum,
1058 1403 1121 1502 qui
1136 1404 1264 1477 multas

198 1519 463 1617 persecutiones
471 1515 631 1589 Adriano
643 1541 744 1615 papae
755 1515 901 1603 fecerat,
915 1517 1097 1616 captivum
1110 1521 1147 1591 in
1159 1522 1264 1594 Pran-

200 1635 291 1706 ciam
303 1634 426 1722 duxit,
440 1650 477 1707 et
493 1633 608 1706 lilium
623 1636 697 1730 ejus
711 1631 915 1734 Adalgisum
932 1635 976 1707 de
993 1634 1093 1709 ltalia
1109 1639 1259 1738 expulit.

198 1753 267 1825 lste
281 1750 457 1822 nimirum
470 1748 673 1823 Desiderius
685 1749 886 1848 trigesimus
899 1751 1037 1848 primus
1050 1778 1114 1825 rex
1128 1754 1263 1856 longo-

196 1868 395 1943 bardorum
409 1867 482 1940 fuit
492 1921 503 1955 ,
522 1882 559 1940 et
577 1868 614 1938 in
633 1867 696 1939 illo
714 1866 808 1966 regia
825 1865 978 1967 dignitas
991 1893 1060 1968 pro
1071 1869 1261 1945 sceleribus

198 1986 269 2057 suis
284 1983 436 2072 defecit,
455 2011 523 2058 nec
540 2009 700 2084 unquam
716 1997 837 2082 postea
855 1987 1044 2084 proprium
1062 2013 1183 2086 regem
1199 1987 1261 2062 ha-

194 2103 296 2190 buit3
322 2101 382 2175 sed
404 2101 548 2202 regibus
566 2102 788 2173 Francorum
804 2117 868 2172 aut
885 2101 1162 2201 imperatoribus
1179 2105 1260 2180 Alc·

195 2242 417 2291 mannorum
429 2242 516 2318 gens
533 2213 854 2315 Langobardorum
869 2241 1009 2316 semper
1020 2215 1162 2290 subdita
1176 2219 1257 2293 fuit.

195 2334 307 2407 Primi
321 2332 428 2407 duces
437 2332 671 2407 Guinilorum
683 2331 770 2405 lbor
782 2347 818 2406 et
831 2333 904 2406 Aio
918 2333 1084 2422 luennn,
1100 2337 1259 2434 quicum

193 2468 310 2525 matre
331 2477 391 2523 sua
409 2447 585 2521 Gambara
601 2447 645 2523 de
662 2449 891 2522 scandinavia
918 2451 1030 2524 insula
1054 2468 1154 2526 sorte
1167 2450 1261 2526 'Gui-

194 2567 289 2641 nilos
316 2566 531 2641 eduxerunt.
562 2565 698 2638 Deinde
714 2592 813 2664 reges
839 2591 966 2639 eorum
992 2567 1048 2639 isti
1075 2567 1256 2643 fuerunt:

192 2684 456 2784 Agelmundus,
471 2681 661 2769 lamissio,
678 2680 813 2768 betbu,
828 2681 1002 2756 Hildehoc
1014 2680 1255 2774 e'tuodetoc,

194 2800 308 2873 Glallo
325 2816 361 2872 et
379 2800 492 2884 Tato,
511 2795 672 2887 Wacho,
685 2797 902 2886 Waltarith,
920 2796 1051 2872 Audon
1071 2814 1108 2873 et
1127 2800 1260 2875 Alboi·

87 2964 97 2979 -
194 2943 275 2989 nus.
293 2913 536 3017 Agclmundus
554 2912 805 3014 Langobardos
821 2911 969 2985 adduxit
986 2916 1023 2986 in
1038 2914 1256 3017 Bulgniam,

192 3030 338 3107 Audoiu
361 3031 399 3102 in
419 3029 663 3118 Pannoniam,
681 3045 718 3102 et
738 3027 873 3104 Alboiu
896 3029 1084 3128 adjuvante
1108 3031 1262 3108 Nassete

191 3147 345 3248 patricio
364 3145 403 3217 in
427 3144 577 3216 ltaliam.
604 3146 796 3243 Postquam
814 3142 991 3218 Alboinus
1014 3170 1078 3218 rex
1096 3146 1144 3220 ab
1168 3149 1265 3222 Hel·-

191 3264 326 3338 mechis
347 3261 525 3360 armigero
542 3286 626 3346 suo,
645 3261 820 3333 instinctu
833 3259 1073 3335 Rosemundae
1094 3266 1269 3367 conjugis

192 3407 278 3470 suae,
293 3394 498 3478 peremptus
512 3393 582 3466 est,
597 3377 707 3476 Clepo
724 3376 898 3451 electione
914 3378 1041 3478 populi
1057 3380 1173 3482 regno
1189 3408 1277 3483 po·-

192 3497 280 3569 titus
294 3511 358 3569 est.
374 3496 459 3568 Post
470 3520 579 3593 quem
593 3493 733 3565 Flavius
745 3490 915 3567 Autaritb
926 3492 1020 3568 filius
1037 3499 1112 3596 ejus
1125 3523 1285 3600 regnae

190 3614 264 3703 vit,
293 3613 356 3711 qui
385 3609 640 3684 Teodelindam
669 3606 851 3683 Garibaldi
884 3610 976 3710 regis
1006 3612 1295 3711 Bajoariormn

191 3727 301 3800 filiam
323 3750 472 3797 uxorem
496 3724 611 3796 duxit.
634 3723 800 3797 Autaritb
823 3740 904 3824 post
926 3752 986 3798 sex
1010 3752 1126 3800 annos
1149 3754 1244 3830 regn
1257 3721 1297 3794 ἱ

221 4052 259 4117 (ι)
277 4050 356 4104 Cette
368 4048 430 4102 date
443 4058 483 4101 est
496 4047 689 4120 parlaitement
700 4059 802 4105 exacte.

224 4138 261 4203 (a)
282 4136 430 4206 Magenard
440 4155 476 4190 ou
485 4137 650 4208 Meginhard
663 4137 752 4211 siegea
764 4138 862 4212 depuis
873 4141 1058 4215 ppajusqu'au
1067 4142 1129 4201 dett
1139 4146 1178 4204 de
1187 4162 1281 4223 799·
