2910 4980
498 407 818 484 Lussomana.
1130 408 1191 473 tos

122 535 243 621 Tesza,
259 556 352 604 uxor
365 529 533 604 Bernardi
549 530 657 619 Caeci,
673 531 772 605 dedit
790 529 976 603 monacbis
990 531 1026 603 S.
1044 530 1189 605 Ebrulli

120 651 266 724 Manliae
278 646 491 750 degentibus
505 647 732 722 medietatem
744 663 851 720 terrae
864 649 901 720 S.
913 648 1102 722 columba
1114 649 1129 748 (
1137 652 1189 749 s):

121 784 192 839 tam
210 767 307 867 plani
326 792 434 867 quam
451 767 631 853 nemoris,
648 780 779 863 praeter
795 764 869 839 dno
884 792 1043 865 arpenna
1061 782 1187 856 turae,

122 910 204 986 quae
229 884 328 959 dedit
351 883 503 972 eisdem,
522 881 584 955 ubi
607 901 752 981 possent
768 883 918 956 domum
935 883 1132 972 aedificare,
1154 902 1192 958 et

125 1006 280 1103 hospites
291 1002 524 1076 sinealterius
536 1016 650 1098 parte,
665 1004 691 1073 si
707 1001 853 1087 vellent,
875 1000 1016 1074 babere.
1031 1003 1109 1076 lloc
1126 1028 1191 1074 an-

125 1139 196 1194 tem
213 1121 319 1206 fecit,
340 1117 620 1195 concedentibus
638 1117 795 1193 dominis
813 1120 907 1190 suis:
933 1120 1106 1194 Goisleno
1122 1121 1194 1194 sci-

124 1238 207 1311 licet
227 1239 309 1337 (qui
330 1237 434 1308 aliam
453 1234 680 1307 medietatem
704 1250 809 1308 terrae
832 1252 982 1334 propter
1003 1239 1192 1335 penuriam

123 1354 256 1427 servitii
278 1369 366 1426 tunc
391 1354 426 1423 in
452 1352 615 1426 dominio
647 1349 837 1449 tenebat),
866 1369 902 1424 et
935 1355 1122 1428 Gnasaone
1146 1354 1192 1431 de

123 1473 270 1557 Pexeio‚
292 1472 354 1571 qui
375 1470 534 1568 capitalis
552 1468 722 1541 dominus
741 1487 829 1541 erat.
855 1473 917 1542 llis
939 1473 1113 1544 nimirum
1132 1498 1194 1571 pa-

124 1591 239 1661 tronis
268 1586 433 1661 monachi
463 1587 615 1658 multam
641 1586 782 1660 diverso
812 1604 974 1687 tempore
1003 1595 1193 1687 pecuniam

122 1703 270 1791 dedere,
294 1719 459 1803 optantes
477 1705 512 1774 in
535 1703 690 1802 legitima
714 1730 799 1802 pace
822 1731 899 1777 rem
921 1706 1191 1779 ecclesiasticam

122 1846 262 1919 augere,
280 1834 317 1891 et
334 1819 628 1892 commoditatem
643 1818 799 1918 aliquam
817 1819 1119 1920 subsequentibus
1133 1846 1192 1897 so·

122 1938 184 2008 ciis
201 1935 402 2035 providere.
431 1938 571 2006 Pulmus
599 1936 718 2036 itaque
740 1937 860 2035 Hugo,
887 1939 949 2036 qui
978 1937 1130 2038 cupidus
1154 1956 1193 2015 et

121 2055 370 2150 magnanimus
388 2067 483 2139 erat,
504 2050 573 2123 hoc
591 2051 777 2150 negotium
801 2053 838 2123 in
859 2053 1023 2149 prioratu
1042 2079 1109 2129 suo
1128 2055 1192 2129 in-

122 2166 285 2256 cboavit,
310 2183 347 2239 et
368 2167 528 2267 proefatae
546 2168 665 2239 Teszae
691 2192 712 2237 x
736 2167 888 2256 solidos,
912 2184 949 2241 et
969 2169 1087 2244 Odoni
1115 2168 1197 2246 filio

121 2285 195 2379 ejus
218 2308 333 2354 unum
358 2281 580 2369 fustaneum,
607 2297 713 2381 atque
737 2281 935 2356 Guillelmo
958 2308 1191 2386 generoque

121 2424 144 2470 x
161 2400 293 2474 solidos
314 2399 457 2472 tribuit
476 2398 648 2473 Goisleno
665 2399 773 2471 etiam
796 2397 896 2471 dedit
919 2425 1033 2474 unum
1054 2428 1191 2523 equum

121 2542 188 2614 pro
211 2533 368 2616 quatuor
388 2508 510 2605 libris,
542 2532 578 2590 et
602 2517 704 2590 uxori
731 2520 805 2615 ejus
826 2542 876 2591 xx
896 2517 1051 2608 solidos,
1080 2516 1191 2622 atque

121 2634 297 2706 Guaszoni
318 2658 394 2706 xxv
412 2634 564 2722 solidos,
584 2650 620 2706 et
638 2659 813 2707 corneum
830 2633 1026 2735 scyphum,
1045 2640 1190 2740 ejusque

122 2750 262 2849 conjugi
276 2748 399 2821 alium.
415 2750 499 2823 llaec
510 2766 547 2822 et
562 2748 627 2820 alia
644 2750 747 2849 plura
759 2750 952 2849 supradicti
967 2750 1133 2826 homines
1142 2754 1193 2829 de·

121 2867 266 2937 caritate
298 2866 559 2939 monachorum
592 2865 820 2955 babuerunt;
850 2884 888 2940 et
914 2867 1052 2943 donum
1080 2896 1190 2971 super

122 2981 232 3054 altare
242 2982 388 3055 Domini
398 2998 704 3082 ponentescoram
717 2983 841 3055 multis
854 2984 1017 3076 testibus,
1032 2987 1189 3063 firmiter

121 3100 241 3170 omnia
262 3115 527 3172 concesserunt.
548 3098 617 3172 Sed
636 3100 868 3199 postmodum
889 3104 1096 3179 stimulante
1110 3108 1187 3179 ini-

121 3216 275 3312 quitate,
295 3214 460 3314 pluribus
479 3215 596 3293 modis
610 3234 721 3316 rupto
739 3216 893 3305 loedere,
917 3221 1059 3292 mentiti
1086 3238 1184 3296 sunt.

119 3332 302 3429 Praecipue
318 3331 457 3406 Guaszo
466 3386 478 3420 ,
497 3333 560 3434 qui
577 3331 712 3405 fortior
726 3330 896 3405 omnibus
912 3349 1006 3420 erat,
1026 3335 1186 3438 aliosque

119 3456 147 3518 si
174 3447 378 3535 deviarent,
409 3450 590 3548 corrigere
615 3446 814 3534 debuisset,
840 3447 1101 3549 eleemosynam
1126 3453 1187 3528 in·-

120 3566 317 3664 quietavit,
339 3566 499 3665 praedam
518 3565 700 3664 hospitum
717 3564 834 3663 cepit,
857 3564 897 3638 et
914 3564 1044 3641 domos
1059 3592 1190 3644 eorm

122 3681 310 3756 subvertit.
327 3682 431 3755 Unde
448 3682 541 3755 idem
556 3682 674 3771 locus,
694 3684 787 3754 sicut
799 3682 935 3755 dudum
948 3684 1083 3774 suerat,
1102 3688 1187 3761 soli·

124 3802 233 3873 tarius
247 3801 360 3872 lactus
374 3817 438 3874 est.
460 3799 628 3874 Monacbi
649 3800 748 3873 enim
762 3799 823 3872 tali
840 3801 1045 3876 necessitate
1067 3803 1187 3880 locum

126 3913 692 4017 interimdimiseruntllenique,
704 3914 1186 4014 transactispluribusannis,

871 4091 1091 4101 ——--.--
1105 4096 1124 4102 ..-
1141 4095 1189 4105 ..-

159 4178 196 4246 (1)
215 4176 467 4246 Sainte-Colombe,
484 4178 600 4231 hamran
615 4187 694 4232 entre
709 4173 800 4231 Manle
813 4187 841 4231 et
853 4175 936 4232 llius.

200 4293 240 4339 ιι.
996 4272 1041 4340 30
