2910 4980
196 409 256 469 286
423 408 608 471 HISTORIA
628 408 931 473 Ecctntltsrtcl.
955 417 1046 489 [citet
1064 414 1253 493 loon-1091}

194 552 375 615 reversus,
393 527 633 603 Fontinellam
648 528 814 626 expetiit,
833 545 870 603 et
885 556 904 602 a
917 531 997 604 viro
1013 529 1254 606 eruditissimo

195 642 373 720 Gerberto
391 645 547 744 ejusdem
568 644 729 719 coenobii
746 643 874 720 abbate
892 645 1134 722 monachilem
1152 647 1255 721 babi-

196 775 275 831 tum
291 762 461 859 suscepit,
480 759 547 833 sub
565 764 721 861 quojsm
738 762 776 833 in
792 762 921 838 ordine
936 764 1134 839 instructus
1156 767 1256 866 prio·

195 891 314 949 ratum
329 876 603 950 administravit.
628 878 733 950 Hunc
758 876 804 950 ab
819 877 948 954 abbate
972 907 1038 956 suo
1060 907 1147 970 rex,
1174 883 1254 983 quia

193 994 294 1092 prius
317 1019 399 1067 eum
422 1010 571 1068 noverat
592 995 671 1093 (s),
689 995 876 1094 requisivit
896 1012 933 1070 et
953 994 1256 1072 crulandensibus

194 1113 403 1211 proeposuit.
424 1112 495 1205 Qui
512 1127 703 1210 postquam
719 1111 921 1186 Crulandiae
935 1115 1096 1214 regimen
1109 1112 1254 1202 babuit,

194 1226 445 1323 praedecessori
462 1251 527 1299 suo
541 1223 709 1325 precibus
725 1224 901 1300 benivolis
911 1227 1006 1326 apud
1021 1226 1256 1302 Guillelmum

195 1368 315 1442 regem
341 1342 532 1416 subvenire
553 1343 691 1442 sategit.
714 1341 917 1417 Ulfketelus
942 1347 1059 1444 itaque
1081 1345 1256 1444 permissu
1315 1334 1318 1346 ’

195 1459 297 1559 Regis
313 1460 474 1559 Burgum
491 1461 546 1558 (a)
562 1490 570 1531 :
588 1459 633 1532 ad
648 1485 748 1531 suam
764 1460 900 1534 scilicet
915 1462 1113 1550 ecelesiam,
1129 1461 1254 1549 rediit3

196 1575 319 1675 ibique
334 1593 416 1674 post
434 1576 573 1675 aliquot
588 1591 780 1649 annosv11⁰
801 1576 879 1649 idus
889 1578 984 1675 junii
1001 1576 1108 1651 obiit.

244 1694 360 1766 Porro
373 1691 481 1764 abbas
491 1691 667 1792 lngulsus,
681 1708 792 1790 prout
803 1693 937 1791 potuit,
948 1707 1114 1791 suscepto
1126 1717 1258 1768 mona-

197 1808 307 1882 sterio
323 1806 513 1881 subvenire
528 1808 685 1892 studuit3
706 1807 767 1881 sed
781 1807 926 1883 adversa
946 1826 1039 1882 nutu
1051 1811 1116 1884 Dei
1134 1836 1258 1911 qnam-

195 1926 350 2026 plurimn
370 1925 534 2025 pertulit.
556 1924 648 1998 Nam
670 1950 752 2024 pars
773 1925 928 1999 ecclesiae
948 1951 1032 1999 oum
1050 1926 1206 2000 officinis
1223 1940 1259 2001 et

195 2040 353 2116 vestibus
369 2056 406 2116 et
418 2041 538 2130 libris,
558 2040 752 2142 multisque
767 2040 844 2115 aliis
857 2041 964 2115 rebus
980 2042 1186 2115 necessariis
1198 2068 1259 2117 re·

195 2159 348 2257 pentino
376 2157 458 2256 igne
484 2154 672 2232 combusta
698 2171 752 2228 est
778 2157 846 2255 (ὅ)
878 2157 957 2254 lpse
987 2182 1135 2256 quoqne
1162 2158 1258 2259 gravi

196 2271 328 2346 morbo
344 2271 511 2372 podagrae
526 2270 711 2358 detentus,
728 2269 791 2343 diu
803 2286 885 2345 ante
896 2287 1052 2345 mortem
1067 2297 1171 2345 suam
1182 2272 1259 2345 lan·

196 2390 291 2488 guit,
315 2389 373 2462 sed
399 2389 512 2459 vivaci
534 2392 656 2460 animo
678 2385 829 2460 subditis
853 2387 1019 2484 prodesse
1042 2413 1118 2460 non
1140 2388 1258 2462 dotis.

196 2507 264 2579 llic
280 2531 410 2603 corpus
424 2502 584 2577 Guallevi
603 2503 745 2576 oomitis
756 2502 801 2576 de
813 2502 971 2601 capitulo
981 2504 1088 2601 jussit
1098 2504 1138 2575 in
1153 2502 1262 2577 ecels-

196 2626 285 2698 siam
299 2621 506 2710 transferri,
524 2639 561 2696 et
573 2647 715 2721 aquam,
733 2620 829 2693 unde
837 2645 913 2693 ossa
927 2620 1148 2714 lavarentur,
1170 2619 1260 2692 eale·

196 2740 285 2815 fieri.
303 2739 372 2814 Sed
384 2754 573 2839 postquam
590 2736 795 2836 sarcophagi
813 2738 1036 2836 opertorium
1051 2736 1260 2811 revolutum

197 2872 266 2944 est,
279 2881 409 2953 corpus
421 2869 460 2928 x⁰
470 2861 522 2928 v1⁰
533 2854 764 2928 dormitionis
775 2880 849 2926 suae
861 2879 959 2927 anno
972 2854 1158 2953 integrum
1168 2854 1261 2926 sieut

197 2973 236 3043 in
247 2970 305 3044 die
320 2997 396 3071 quo
406 2971 586 3070 sepultum
597 2969 736 3057 fuerat,
754 2988 792 3043 et
807 2984 914 3069 caput
924 2970 1069 3070 oorpori
1087 2973 1260 3069 oonjnno·

197 3106 272 3162 tum
285 3105 470 3187 repertum
483 3104 548 3162 est.
565 3088 684 3161 Filum
696 3087 948 3162 tantummodo
962 3088 1061 3188 qussi
1074 3113 1147 3186 pro
1157 3088 1259 3188 signo

194 3206 441 3281 decollationis
464 3203 706 3277 rubicundum
733 3205 902 3279 viderunt
921 3204 1089 3279 monachi
1116 3220 1155 3279 et
1180 3205 1257 3278 laioi

193 3322 1064 3424 quampluresquiaffuerunt.Translatoautemin
1074 3321 1256 3397 eeclesiam

228 3551 267 3619 (ι)
286 3547 332 3604 On
346 3547 423 3601 vient
435 3545 470 3600 de
484 3546 544 3598 voir
553 3543 622 3618 qu’il
631 3545 703 3599 avait
714 3547 759 3599 έῑό
772 3546 916 3601 secretaire
928 3545 967 3600 du
982 3547 1041 3614 roi,
1054 3546 1103 3620 qui
1112 3543 1252 3620 l’appelal

193 3649 237 3694 oet
246 3635 349 3709 emploi
361 3634 430 3688 dans
441 3651 492 3688 son
503 3651 605 3706 voyage
615 3632 807 3706 d'llngletene
817 3651 853 3688 en
865 3631 941 3689 1051.
951 3635 996 3688 Au
1007 3641 1132 3688 moment
1144 3632 1180 3689 de
1188 3632 1252 3689 l’sx·

192 3726 318 3800 peditiou
334 3724 369 3778 do
384 3721 466 3787 1066,
480 3722 501 3775 il
513 3723 599 3788 avait,
614 3741 650 3776 en
661 3721 765 3795 qualitd
776 3722 812 3777 de
822 3724 919 3796 prieur
927 3722 963 3778 de
971 3722 1094 3795 l’abbaye
1104 3721 1142 3777 de
1152 3723 1251 3779 Fonta-

192 3817 264 3873 nello
272 3834 310 3870 ou
319 3810 583 3877 saint-Wandritte,
595 3814 722 3884 presente
734 3816 749 3866 a
761 3830 793 3866 ce
804 3815 913 3886 priuos,
927 3813 962 3869 de
971 3813 997 3868 la
1010 3823 1072 3887 part
1084 3813 1121 3869 de
1132 3812 1251 3881 Gerbevt

192 3924 242 3961 son
254 3905 337 3970 abbe',
353 3901 442 3956 doute
453 3896 601 3952 chevaliers
613 3909 642 3953 et
654 3917 703 3953 roo
716 3917 804 3954 maros
816 3900 956 3976 d‘argent‚
971 3919 1079 3957 comme
1090 3902 1251 3977 nontingent

191 3993 230 4048 du
243 3992 399 4047 monastero
412 3986 481 4040 dans
490 3982 516 4038 le
527 3986 673 4057 personnel
681 3998 711 4041 et
718 3987 758 4042 les
770 3989 836 4042 frais
848 3989 884 4045 de
897 3991 1078 4064 l'entoeprise.

224 4084 265 4144 (α)
281 4076 505 4148 Pe'terborough.
518 4104 555 4116 -
566 4074 688 4130 Ullketel
702 4088 818 4131 mourut
830 4077 855 4132 le
867 4077 902 4134 30
916 4081 1072 4153 septembre
1089 4079 1166 4137 1085.

345 4164 477 4225 inoendie
488 4175 537 4218 eut
549 4163 605 4220 lieu
619 4183 654 4219 en
669 4183 744 4236 ¹⁰9¹·
