2926 4980
197 439 304 517 [toea]
565 433 682 495 traua
703 430 898 509 omarus.
1204 434 1258 490 171

197 553 521 653 metropolitanum
536 551 696 650 regimen
714 548 861 623 fortiter
874 563 910 622 et
922 546 1114 648 diligenter
1130 547 1260 646 gessit,

197 671 426 769 multumque
443 682 569 741 contra
597 665 796 764 impudicos
822 662 1050 765 presbyteros
1067 689 1136 761 pro
1159 662 1262 736 aufe-

196 785 319 860 rendis
335 780 522 884 pellicibus
547 780 738 869 laboravit5
757 779 939 879 aquibus,
957 778 1045 851 dum
1065 779 1103 850 in
1121 775 1261 878 synodo

197 899 417 977 concubinas
441 901 490 973 eis
506 897 574 971 sub
590 897 814 972 anathemate
830 895 1058 996 prohiberet,
1086 893 1262 993 lapidibus

194 1044 384 1120 percussus
399 1017 556 1117 aufugit,
574 1015 785 1115 fugiensque
808 1014 853 1087 de
871 1013 1035 1087 ecclesia:
1056 1017 1261 1101 Deus,ue·

195 1152 328 1211 nerunt
345 1150 468 1233 gentes
486 1138 524 1205 in
542 1132 787 1206 hereditatem
805 1148 904 1203 tuam
920 1131 1000 1227 (a),
1018 1128 1164 1202 fortiter
1188 1128 1261 1201 cla-

193 1254 337 1352 marit(
362 1255 392 1350 ).

246 1374 288 1445 ln
311 1371 393 1444 loco
416 1373 491 1466 ejus
514 1366 686 1454 Michael,
709 1366 856 1439 natione
875 1366 1038 1453 Italicus,
1058 1365 1260 1439 eruditione

194 1491 398 1563 litterarum
417 1485 594 1573 imbutus,
621 1485 742 1558 studio
758 1483 943 1585 religionis
958 1484 1198 1569 venerandus,
1214 1482 1259 1553 ad

195 1606 340 1680 culmen
365 1603 636 1676 Abrincatensis
656 1603 879 1701 episcopatus
898 1602 1072 1676 electione
1101 1600 1258 1698 legitima

140 1798 145 1809 ,
194 1737 250 1795 est
277 1735 479 1820 promotus.
512 1717 583 1809 Qui
610 1718 689 1816 plus
716 1742 825 1818 quam
859 1741 908 1789 xx
938 1717 1041 1788 annis
1073 1712 1258 1787 laudabilis

194 1853 318 1935 pastor
331 1834 470 1921 lloruit,
482 1849 519 1906 et
534 1831 709 1906 Rodberti
722 1832 822 1904 ducis
833 1850 995 1930 tempore
1011 1829 1134 1903 beatus
1151 1855 1258 1903 senex

194 1950 300 2025 obiit.
320 1951 404 2045 Quo
416 1949 589 2022 defuncto
604 1950 778 2049 Turgisus
796 1950 982 2035 successit,
999 1952 1144 2046 jamque
1159 1973 1258 2044 prae-

194 2067 350 2140 sulatum
367 2065 481 2138 serme
497 2088 572 2136 xxx
589 2065 692 2136 annis
708 2065 826 2137 tenuit
841 2066 912 2162 (ὅ).

242 2183 306 2252 lll.
315 2183 454 2253 Interea
463 2179 711 2252 Normannico
718 2178 812 2251 fastu
820 2178 926 2278 Angli
936 2180 1208 2278 opprimuntur,
1221 2193 1258 2249 et

193 2294 406 2399 praesidibus
424 2295 608 2395 superbis,
626 2297 689 2396 qui
712 2303 804 2394 regis
828 2295 989 2369 monitus
1014 2291 1254 2394 spernebant,

193 2416 386 2490 admodum
408 2414 685 2514 injuriabantur.
705 2414 867 2488 Praefecti
887 2415 1066 2500 minores,
1085 2412 1148 2512 qui
1170 2436 1256 2482 mu-

194 2535 351 2607 nitiones
363 2531 632 2619 custodiebant,
651 2530 791 2608 nobiles
809 2548 846 2606 et
860 2531 1057 2604 mediocres
1074 2529 1256 2628 indigenas

193 2649 335 2749 injustis
360 2645 606 2721 exactionibus
628 2648 822 2748 multisque
839 2647 1067 2722 contumeliis
1088 2671 1256 2746 aggrava-

193 2763 295 2838 bant.
316 2764 395 2837 0do
412 2765 585 2836 nimirum
608 2765 793 2864 episcopus
815 2782 852 2838 et
866 2765 1081 2838 Guillelmus
1103 2760 1255 2836 Osberni

193 2879 301 2965 filius,
309 2881 402 2978 regis
410 2881 545 2970 vicarii,
556 2882 666 2953 nimia
676 2882 920 2956 cervicositate
934 2880 1133 2969 tumebant,
1144 2896 1181 2954 et
1192 2878 1257 2951 cla·

193 3024 313 3072 mores
330 2998 532 3098 Anglorum
554 2998 817 3072 rationabiliter
836 2999 978 3088 audire,
1002 3001 1123 3098 eisque
1139 3002 1256 3097 aequi-

194 3117 276 3188 tatis
305 3114 404 3188 lance
435 3114 618 3215 suffragari
654 3116 908 3216 despiciebant.
939 3119 1029 3190 Nam
1061 3118 1256 3215 armigeros

194 3257 275 3307 suos·
303 3232 510 3305 immodicas
532 3233 670 3331 praedas
698 3248 735 3308 et
761 3235 914 3308 incestos
938 3248 1060 3333 raptus
1086 3232 1255 3305 facientes

194 3576 258 3621 tres
273 3567 310 3620 Le
323 3576 414 3620 comte
427 3566 515 3623 Raoul
524 3568 591 3639 joua
604 3587 642 3623 uu
658 3570 747 3642 grand
759 3571 817 3626 tole
830 3576 845 3626 a
862 3571 887 3626 la
900 3591 968 3628 cour
978 3573 1014 3628 de
1026 3591 1077 3628 son
1094 3574 1166 3630 frere
1181 3585 1209 3630 et
1220 3574 1255 3630 de

193 3672 242 3708 son
255 3672 353 3709 neven.
370 3654 447 3709 Nous
465 3674 550 3710 avons
567 3655 659 3712 delui
678 3677 733 3713 une
750 3660 846 3714 charte
864 3679 900 3715 en
917 3662 1011 3716 lavenr
1028 3662 1063 3718 de
1080 3662 1202 3737 l’abhaye
1220 3663 1255 3718 dc

193 3743 371 3801 saint-ouen
385 3744 420 3799 de
432 3744 545 3814 Roucn,
558 3764 621 3801 sous
633 3746 658 3801 la
671 3747 735 3804 date
747 3749 782 3804 de
799 3769 843 3804 101
851 3771 873 3805 ι.

150 3852 152 3856 ·
226 3837 266 3907 (ι)
284 3835 384 3889 Psalm.
400 3854 506 3890 cxxvrn.
524 3857 547 3891 1.

225 3924 265 3994 (a)
282 3924 360 3978 Nous
369 3935 562 3982 retrouverons
573 3929 599 3981 ci
605 3927 727 3984 dessoua
738 3929 777 3984 les
789 3941 862 3987 actes
874 3931 913 3986 du
921 3934 1026 3989 concile
1037 3937 1085 4008 qui
1099 3935 1190 3989 donna
1199 3934 1255 3989 lien

192 4013 207 4065 l
220 4022 293 4067 cette
305 4015 428 4082 emente,
442 4025 470 4069 ct
484 4016 533 4087 qui
547 4018 704 4089 appartient
716 4022 731 4074 a
744 4020 850 4077 l'annec
867 4041 940 4098 1072.

227 4098 266 4172 (ὅ)
284 4103 386 4159 Michel
401 4105 443 4171 l“‚
465 4105 977 4188 eatqued’Avr·a1icbes(1067·ro94);
992 4114 1108 4184 Tugia,
1129 4132 1178 4170 son
1191 4132 1254 4169 suc-

194 4196 424 4272 cesseur(1094-7
434 4196 541 4267 janvicr
558 4196 643 4270 1158).
