2926 4980
296 373 354 432 ιιι
570 366 755 431 nrsronu
774 364 1078 429 ncctmnsucs.
1175 370 1361 455 [minas]

293 512 452 578 carcere,
472 487 510 561 in
524 501 659 561 aeterua
671 486 795 588 requie
810 485 1030 560 famulorum
1045 502 1194 567 tuorum
1205 484 1360 589 collegio

295 630 422 677 insere.

322 717 430 791 =Dnae
456 714 606 789 Ernaldi
631 715 716 790 filiae
742 732 825 817 post
844 731 999 790 mortem
1022 717 1133 815 patris
1162 733 1199 791 et
1221 715 1359 793 desola-

293 837 431 911 tionem
442 860 592 910 soorum
604 849 821 935 optaverunt
833 835 945 934 magis
956 835 1033 907 Deo
1044 834 1184 934 placere
1196 832 1358 909 modest·

292 953 552 1052 compositione
576 978 745 1039 morum,
773 976 882 1051 quam
906 950 1038 1023 saeculo
1063 949 1243 1049 subjacere
1268 974 1354 1025 cor-

290 1067 454 1169 ruptibili
474 1067 741 1167 pulchritudine
760 1083 969 1165 corporum.
989 1064 1094 1139 Unde
1110 1067 1356 1171 virginitatem

289 1183 406 1258 ambae
427 1185 504 1258 Deo
523 1184 761 1275 dicaverunt,
786 1183 994 1282 mundoque
1017 1198 1139 1282 spreto
1165 1188 1356 1260 sanctino·

290 1302 399 1377 niales
415 1302 549 1376 effectae
563 1311 661 1375 sunt.
677 1299 769 1374 Nam
780 1299 976 1374 Petronilla
991 1301 1029 1370 in
1043 1296 1213 1374 coenobio
1226 1299 1271 1373 Sa
1282 1288 1356 1383 Μο-

290 1420 354 1492 rioe
371 1416 570 1518 Andegavis
587 1416 707 1490 velum
721 1415 895 1515 suscepit,
909 1413 1046 1514 dinque
1063 1413 1354 1497 secundum-mo·

288 1561 365 1609 rem
397 1536 547 1608 aliarum
580 1533 762 1633 virginum
792 1530 983 1630 diligenter
1016 1555 1157 1603 sacrum
1185 1527 1354 1609 ordinem

289 1651 463 1740 semovit,
489 1675 530 1721 ac
553 1648 682 1722 deinde
705 1672 770 1747 per
793 1670 818 1718 x
839 1671 953 1719 annos
976 1648 1052 1745 jum
1077 1645 1233 1734 inclina,
1256 1643 1352 1731 fama

288 1765 484 1839 sanctitatis
509 1779 547 1838 et
570 1764 715 1836 virtutis
738 1761 903 1862 exemplo
929 1762 1035 1863 longe
1060 1761 1202 1862 lateque
1226 1762 1358 1837 multis·

289 1880 494 1955 innotescit.
513 1882 629 1954 Porro
646 1877 742 1953 Geva
759 1902 863 1951 soror
878 1881 952 1978 ejus
970 1880 1009 1953 in
1026 1877 1198 1952 coenobio
1213 1880 1252 1951 S.
1268 1878 1353 1952 ni·

286 1999 429 2102 nitatis,
449 1997 549 2100 quod
569 1995 750 2071 Mathildis
773 1996 897 2097 regina
921 1995 1015 2096 apud
1039 1995 1236 2071 Cudomum
1255 2021 1351 2071 oon·

286 2114 439 2205 strnxi't‚
459 2114 527 2189 sub
543 2115 702 2189 Beatrice
722 2111 893 2187 abbatissa
913 2115 970 2212 (r)
992 2139 1128 2187 sacram
1143 2113 1271 2195 seriem
1285 2111 1350 2197 diu

284 2231 441 2333 gerendo
455 2248 491 2306 et
506 2231 687 2320 docendo,
706 2229 774 2305 sibi
792 2246 829 2305 et
844 2229 921 2305 aliis
936 2229 1162 2304 laudabiliter
1176 2229 1346 2330 profecit.

284 2350 370 2423 Haec
382 2350 427 2424 de
442 2346 695 2422 fundatoribus
709 2348 879 2423 Ecclesiae
895 2342 1051 2435 uostrae,'
1062 2363 1097 2420 et
1111 2373 1238 2422 eorum
1251 2345 1350 2431 dicta

283 2481 368 2538 sunt
384 2465 568 2564 progenie.
588 2463 695 2536 Nunc
711 2462 755 2535 ad
773 2465 1019 2538 narrationem
1034 2463 1217 2538 redeamus
1227 2462 1347 2538 hiato-

280 2609 359 2655 rrae.
684 2644 688 2653 .

328 2700 379 2775 X.
391 2699 552 2800 Inclytus
562 2698 795 2799 Normauniae
803 2698 1201 2801 marchioylillemm‚
1216 2714 1343 2774 contu

279 2815 533 2904 Belvaceusen„
549 2814 612 2915 qui
640 2800 728 2887 linea
754 2838 836 2887 suos
863 2812 1072 2913 depopulari
1101 2812 1348 2906 conabantur,¹

278 2948 433 3005 castrum
460 2930 558 3032 quod
585 2930 900 3006 NovusMercatus
925 2929 1059 3005 dicitur
1085 2933 1161 3032 (a),
1191 2930 1340 3032 expulso

275 3074 344 3149 pro
361 3045 604 3149 quadamlevi
628 3047 762 3122 offensa
783 3047 974 3123 Goislrodo
997 3050 1151 3124 naturali
1175 3048 1335 3141 herede,

273 3165 318 3238 ad
333 3165 508 3239 tuendum
520 3163 684 3263 plurimis
698 3163 877 3239 baronum
891 3191 1039 3239 suorum
1052 3166 1347 3252 commendavim-

273 3281 333 3356 sed
350 3282 409 3353 vix
432 3280 526 3354 ullus
552 3306 679 3356 eorum
699 3297 850 3381 propter
876 3280 1082 3355 infestantes
1103 3282 1280 3363 Milliacos
1298 3297 1336 3356 et

273 3392 502 3471 Gerberritos
520 3396 596 3494 (ὅ),
627 3395 785 3495 aliosque
813 3393 973 3469 confines
998 3423 1072 3471 uno
1097 3421 1194 3471 anuo
1223 3396 1333 3469 tutari

305 3677 344 3748 (1)
362 3674 472 3730 Beatrix
484 3675 519 3730 1¹²
532 3673 567 3730 de
579 3672 762 3748 Hugueville,
776 3673 933 3748 cinquieme
950 3672 1062 3729 obesse
1080 3671 1115 3728 de
1131 3671 1157 3729 la
1172 3671 1282 3728 Triuite
1294 3670 1331 3728 de

269 3766 357 3834 Caco,
371 3763 557 3820 administrent
568 3781 600 3820 ce
611 3763 766 3820 monestere
778 3781 814 3818 au
823 3772 947 3819 moment
959 3763 997 3817 orl
1005 3771 1086 3817 notre
1098 3771 1197 3818 auteur
1205 3761 1327 3818 derivarit¹

305 3857 344 3923 (a)
364 3854 400 3909 le
413 3852 769 3908 Nous-Marche-en-Lions.
790 3852 840 3906 Issa
852 3851 945 3907 ruines
961 3849 999 3904 du
1016 3850 1133 3905 chiteau
1149 3860 1212 3905 sont
1223 3867 1328 3904 remar-

269 3941 382 4015 quablea
394 3960 444 4015 par
455 3942 496 3997 les
507 3940 624 4016 grandes
633 3938 862 3999 dimensiouades
869 3939 975 4013 pierres
986 3939 1034 4014 qui
1047 3958 1082 3994 en
1092 3938 1278 4012 compoaaient
1288 3936 1328 3993 lea

267 4031 459 4087 revetementa.

302 4118 340 4193 (3)
359 4123 409 4176 Les
428 4120 567 4176 habitants
581 4117 616 4174 de
635 4116 705 4173 Milli
725 4118 805 4173 etde
824 4115 970 4173 Gerberoi.
992 4117 1062 4175 lllilli
1083 4127 1124 4172 est
1143 4133 1181 4170 un
1199 4115 1289 4187 bourg
1309 4116 1325 4169 l
