2910 4980
192 403 252 462 282
465 403 647 466 HISTORIA
669 404 976 467 Ecctssstlsrtca.
1088 404 1253 486 [ΜΒ-066]

192 521 331 592 annuit.
352 520 440 593 Erat
460 525 557 596 enim
580 524 674 598 idem
696 524 845 598 clericus
867 523 912 599 de
931 523 1038 624 regali
1060 524 1252 625 progenie,

193 652 363 737 cognatus
389 639 542 715 Osleteli
572 641 804 717 Eboracensis
832 640 1096 742 metropolitas,
1126 641 1254 717 mulus

193 753 325 829 habens
343 756 501 847 divitias,
520 759 723 861 amplasque
740 760 997 859 possessiones,
1019 784 1108 860 quas
1128 785 1255 835 omncs

190 872 470 972 parvipendebat
496 893 647 975 propter
677 893 826 951 aeternas
854 877 1068 951 mansiones.
1099 876 1254 950 Crnlan·

191 988 287 1059 diam
301 990 457 1089 quippe,
474 1007 516 1063 ut
533 992 707 1077 diximus,
730 1018 807 1066 non
823 1019 892 1092 pro
907 993 1077 1093 augendis
1096 992 1221 1068 fundis
1235 1020 1253 1067 ι

191 1130 274 1204 rege
288 1123 500 1206 poposcerat
505 1136 516 1197 3
533 1108 612 1197 sed,
628 1111 711 1209 quia
725 1109 909 1210 religiosos
923 1108 973 1181 ibi
987 1111 1103 1197 viros,
1117 1110 1158 1182 in
1170 1110 1253 1185 soli·

194 1221 318 1296 tudine
334 1223 487 1312 scilicet,
505 1251 588 1325 quae
603 1225 762 1326 undique
778 1224 967 1325 paludibus
980 1240 1018 1299 et
1032 1228 1170 1327 stagnis
1183 1227 1254 1299 cir·

192 1336 439 1428 cumdabatur,
463 1355 701 1440 cognoverat,
724 1343 941 1440 contemptis
963 1339 1135 1414 omnibus
1151 1340 1254 1440 liujus

192 1453 312 1525 saeculi
321 1454 600 1545 delectamentis,
615 1455 740 1531 divino
752 1457 866 1529 cultui
876 1483 912 1530 se
923 1458 1127 1555 mancipare
1134 1457 1254 1531 dectu-

193 1587 304 1642 verat.
324 1570 506 1645 Ordinatis
523 1572 642 1673 itaque
660 1572 857 1673 prudenter
872 1572 979 1647 rebus
995 1580 1084 1662 suis,
1100 1573 1255 1649 Cretan

191 1686 260 1760 diae
274 1687 469 1762 monachus
485 1690 600 1762 sactus
617 1707 688 1778 est,
714 1705 750 1765 et
769 1706 871 1763 aucta
892 1690 1025 1765 ibidem
1043 1691 1165 1768 studio
1181 1693 1255 1791 ojus

191 1804 452 1880 monachorum
466 1809 757 1907 congregatione,
773 1808 940 1905 magister
951 1832 1079 1881 eorum
1094 1822 1132 1881 et
1146 1804 1256 1891 abbas

192 1937 285 1994 nutu
300 1921 365 1996 Ilei
380 1937 417 1996 et
429 1920 612 1996 bonorum
631 1923 807 1997 electione
822 1923 967 1997 effectus
983 1937 1049 1995 est.
1067 1923 1135 1995 Hic
1147 1921 1257 1997 fami·

192 2037 398 2110 liarissimus
422 2038 495 2111 fuit
514 2039 648 2111 amicus
671 2037 800 2112 sanctis
822 2034 1054 2135 praesulibus,
1075 2037 1140 2137 qui
1169 2052 1256 2110 tunc

192 2156 363 2253 temporis
385 2152 557 2255 regebant
580 2155 773 2229 Ecclesiam
799 2155 863 2227 Dei
885 2184 895 2224 ε
919 2153 1110 2226 Dunstano
1132 2151 1256 2227 arciri-

191 2272 358 2369 episcopo
382 2272 652 2363 Cantuariensi,
679 2271 890 2346 Adelwoldo
918 2269 1201 2359 Wintoniensi,
1221 2284 1258 2345 et

192 2386 356 2464 Oswaldo
383 2389 618 2488 Wigornensi
654 2404 690 2460 et
721 2387 952 2487 postmodum
986 2385 1256 2486 archiepiscopo

192 2503 403 2578 Eboracensi
415 2533 425 2590 ;
458 2531 655 2605 eorumque
680 2505 838 2578 consiliis
861 2528 1003 2576 summo
1028 2503 1110 2576 nisu
1129 2503 1257 2603 sategit

190 2619 368 2695 famulari.
392 2624 459 2695 Hic
481 2624 537 2721 (ut
553 2621 722 2719 diximus)
739 2648 879 2720 magnae
896 2621 1142 2722 generositatis
1160 2619 1255 2708 fuit,

192 2752 228 2810 et
241 2763 286 2809 nx
299 2739 456 2823 maneria
473 2738 517 2810 de
529 2739 750 2836 patrimonio
767 2751 957 2836 parentum
970 2760 1118 2809 suorum
1133 2761 1257 2834 posse·

192 2852 264 2938 dit,
282 2879 350 2950 pro
364 2878 522 2951 quorum
538 2852 723 2925 animabus
739 2878 799 2925 sex
815 2852 914 2923 villas
931 2882 940 2922 ε
965 2850 1100 2925 scilicet
1111 2850 1257 2926 Wenli·

193 2965 287 3067 burg
311 2984 347 3041 et
370 2966 476 3056 Bebi,
497 2969 682 3068 Wiritorp
703 2986 738 3043 et
760 2967 1028 3054 Elmintonam,
1054 2966 1257 3040 Gotelibam

194 3100 229 3155 et
260 3083 504 3186 Oghintonam
534 3084 851 3184 (1)Crulandensl
881 3083 1038 3157 ecclesiae
1068 3082 1190 3172 dedit,
1220 3097 1257 3157 et

195 3216 446 3275 testamentum
463 3201 545 3275 inde
558 3202 674 3303 sigillo
689 3201 923 3274 strenuissimi
941 3201 1033 3300 regis
1045 3199 1178 3300 Edgari
1191 3197 1256 3272 filii

194 3315 376 3389 Edmundi
398 3319 490 3417 regis
508 3319 686 3418 signatum
704 3316 930 3391 confirmavit
951 3319 1022 3414 (a).
1051 3317 1257 3389 Dnnstanus

195 3432 301 3503 etiam
316 3430 600 3531 archiepiscopus
623 3460 705 3506 cum
723 3434 949 3532 suffraganeis
970 3433 1041 3504 suis
1062 3430 1256 3531 praedicta-

230 3721 268 3789 (ι)
286 3719 339 3774 Ces
355 3735 436 3774 noms
452 3732 513 3773 sont
529 3721 611 3775 ecrits
628 3739 691 3775 avec
707 3719 826 3795 quelque
843 3718 993 3774 difference
1009 3718 1077 3773 dans
1094 3716 1253 3792 Ingnlplse:

196 3806 493 3881 Wendlingburough,
514 3809 696 3883 Elmyngton‚
712 3809 885 3882 Worthorp,
900 3808 1071 3871 Kotenham,
1086 3805 1254 3887 Holtyngtctt

196 3907 224 3949 et
241 3897 321 3969 Beby.
336 3899 373 3951 M.
388 3898 529 3970 stapleton
548 3901 689 3954 reconnait
707 3902 794 3973 parmi
813 3919 857 3954 ces
874 3900 1027 3964 domaines,
1049 3898 1141 3970 Beeby
1154 3894 1255 3952 dansle

201 3988 421 4052 leicestcrshirc,
438 3989 622 4063 Wridthorpe
634 4010 671 4046 ou
684 3992 841 4063 Wothorpe
860 4001 888 4045 et
901 3990 1042 4044 Elminton
1055 3989 1124 4042 dans
1141 3987 1168 4043 lc
1186 3987 1253 4042 Nor·

200 4077 434 4148 tliamptonshirc,
446 4080 612 4135 Cottcnliarn
625 4092 653 4134 et
667 4082 827 4152 Oalsington
838 4080 905 4134 dans
915 4080 941 4134 le
950 4077 1205 4148 Cambridgesbire.

233 4167 270 4234 (Ἰ)
289 4168 367 4221 Cette
381 4170 488 4235 eluite,
504 4171 689 4242 qu’lngulplie
706 4170 835 4225 transcrit
846 4188 881 4225 cn
894 4170 993 4234 cnticr,
1007 4176 1049 4223 cst
1060 4166 1096 4221 dc
1107 4164 1170 4240 966.
