2926 4980
200 410 262 466 210
433 399 617 461 HISTORIA
639 397 944 461 Ecctuslastlca.
969 401 1062 475 [cruca
1080 398 1273 480 loto-1070]

201 518 523 600 Animadvertebat
532 544 617 591 cum
628 517 840 591 Ecclesiaste
849 516 966 618 (quod
975 514 1142 593 noudum
1150 518 1276 594 Eccle·

198 642 349 715 siasticae
366 637 531 712 lectionis
550 663 616 708 usu
636 634 785 734 didicit)
804 635 889 735 quia
906 634 1035 711 mundi
1056 636 1154 710 hona
1172 637 1274 711 vani·

201 775 267 830 tas.
287 755 492 854 Repentino
510 754 631 852 itaque
651 752 763 824 animi
782 767 994 852 contemptu
1007 756 1145 852 jactans
1163 780 1274 827 mun·

198 872 287 945 dum
301 896 342 942 ac
353 896 408 957 se,
424 868 671 967 arripiensque
683 867 868 967 religionis
885 868 1168 966 professionem,
1183 874 1273 971 Jugo

200 988 356 1090 regulari
381 983 541 1058 subdidit
561 1011 610 1057 se.
633 983 893 1059 Coenobiolum
915 985 1090 1060 Becccnse
1114 988 1152 1059 in
1177 987 1274 1062 Nor—

200 1103 345 1177 mannia
364 1102 435 1176 loci
452 1101 525 1172 situ
541 1115 577 1172 et
595 1114 805 1199 paupertate
820 1099 947 1198 clegit,
965 1101 1065 1202 quod
1082 1102 1274 1201 prudentis

200 1220 311 1320 ipsius
321 1215 660 1318 vigilantissimaque
673 1240 758 1287 cura
772 1215 1024 1315 locupletavit,
1037 1234 1075 1293 et
1087 1221 1125 1290 in
1139 1232 1275 1299 statum

199 1334 435 1438 pulcherrimi
465 1331 604 1406 ordinis
633 1332 824 1430 provexit,
856 1332 947 1404 dum
966 1360 1092 1416 severa
1120 1336 1275 1438 mitique

191 1453 389 1553 ‚disciplina
420 1465 562 1550 regeret
591 1449 794 1524 fraternum
826 1450 1041 1552 collegium,
1074 1452 1275 1557 humilique

200 1590 239 1648 et
261 1571 341 1645 utili
367 1569 522 1644 consilio
544 1584 710 1640 sanctum
734 1567 923 1658 abbatem,
952 1570 1103 1645 nominc
1128 1571 1276 1646 uertat-

200 1716 304 1763 num.
324 1684 559 1786 Neophytum
575 1684 742 1770 exulem,
761 1682 849 1755 dum
865 1711 940 1759 sese
960 1686 1057 1759 vitiis
1079 1703 1117 1760 et
1137 1687 1275 1767 tundo

200 1805 460 1893 mortificaret,
487 1817 523 1875 et
547 1827 617 1901 pro
639 1802 776 1875 intimis
796 1827 839 1874 ac
858 1805 1024 1902 supernis
1047 1806 1207 1880 maxims
1226 1805 1275 1879 la·

201 1925 368 2009 hereret,
387 1918 587 2020 publicavit
611 1919 707 1992 Deus
728 1920 911 2019 inspector
927 1921 1213 2020 cogitationum,
1235 1939 1278 1995 ut

201 2043 349 2116 lucerna
380 2052 581 2138 poneretur
606 2060 715 2134 super
741 2035 1022 2124 candelabrum,
1057 2039 1278 2142 Domitiique

200 2157 464 2234 convenlentcr
475 2153 698 2227 illuminaret
709 2153 964 2252 amplissimam
972 2154 1135 2229 domum.
1143 2156 1279 2231 Coactu

198 2270 419 2351 obedientiae
445 2271 490 2344 dc
514 2270 693 2343 claustrali
724 2271 846 2371 quiete
873 2285 1081 2369 protractus
1109 2275 1280 2373 magister

203 2390 400 2492 processit,
415 2411 490 2486 quo
505 2385 658 2459 docente
673 2384 1005 2485 philosophicarum
1018 2413 1059 2461 ac
1074 2387 1279 2465 divinarum

205 2510 407 2582 litterarum
422 2501 644 2578 bibliotheca
655 2503 802 2576 effulsit.
819 2504 860 2575 ln
872 2519 1025 2604 utraque
1038 2503 1280 2608 nodosquoes·

155 2696 159 2708 ,
206 2629 351 2701 tionum
366 2621 504 2696 solvere
519 2621 791 2720 potentissimus
810 2635 899 2694 emt.
920 2624 999 2695 Hoc
1015 2626 1189 2723 magistro
1204 2627 1281 2726 pri·

62 2819 75 2830 ,
105 2814 108 2819 ,
206 2745 319 2817 mitus
337 2740 541 2815 Normanni
559 2739 813 2810 litteratoriam
825 2754 939 2812 artem
953 2744 1166 2839 perscrutati
1179 2759 1279 2832 suut,

207 2878 245 2934 et
258 2858 302 2931 de
314 2856 433 2929 schola
449 2855 613 2927 Beccensi
628 2854 838 2955 eloquentes
852 2856 888 2928 in
903 2856 1036 2930 divinis
1052 2874 1090 2931 et
1101 2860 1281 2934 saeculari·

209 2976 277 3049 hus
299 2971 467 3073 sophistae
493 2983 759 3071 processerunt.
784 2972 875 3044 Nam
901 2991 1005 3046 antea
1028 2975 1097 3048 sub
1118 2992 1282 3078 tempore

211 3118 272 3166 sex
287 3090 421 3163 ducum
440 3087 619 3162 Neustrioe
636 3088 697 3160 vix
719 3087 813 3160 ullus
832 3089 1132 3166 Normannorum
1151 3091 1284 3168 tibera-

212 3208 307 3282 lihus
322 3204 450 3279 studiis
466 3203 634 3293 adhaesit,
653 3232 721 3278 nec
738 3204 868 3279 doctor
884 3207 1148 3300 inveniebatur,
1165 3211 1284 3289 donec

213 3326 382 3427 provisor
395 3325 561 3396 omnium
574 3326 667 3396 Deus
684 3323 939 3398 Normannicis
951 3328 1027 3400 oris
1041 3328 1285 3405 lanfrancum

213 3441 366 3542 appulit.
390 3441 497 3512 Fama
512 3440 652 3539 peritiae
674 3439 770 3511 illius
788 3440 826 3514 iu
849 3456 923 3514 tota
942 3441 1101 3516 ubertim
1122 3446 1286 3522 innotuit

216 3562 382 3658 Europa,
411 3557 507 3631 unde
531 3556 575 3630 ad
601 3558 845 3657 magisterium
866 3563 941 3658 ejus
969 3561 1074 3634 multi
1102 3586 1286 3639 convenc-

215 3694 305 3752 runt
328 3675 373 3748 de
396 3675 565 3763 Francia,
594 3675 637 3748 de
660 3676 873 3768 Wasconia,
897 3677 942 3751 de
958 3680 1143 3754 Britannia
1172 3708 1286 3757 necne

214 3793 394 3869 Flandria.

263 3909 525 3985 Admirandum
539 3928 801 4008 cognoscerent
814 3914 1000 4014 ingenium
1014 3914 1096 4003 sihi,
1112 3915 1289 3990 studium·

97 4074 102 4087 ι
214 4056 285 4132 que
304 4025 495 4099 Lanlranci
514 4025 738 4101 Herodianus
757 4030 792 4102 in
814 4033 1062 4130 grammatica,
1079 4033 1290 4109 Aristoteles

217 4148 255 4220 in
269 4144 475 4230 dialectica,
493 4144 634 4217 Tullius
650 4145 686 4218 in
700 4145 900 4240 rhetorica,
917 4150 1140 4248 Augustinus
1153 4168 1191 4226 et
1210 4153 1291 4226 llic·
