2910 4980
555 482 673 544 LIBER
693 481 879 558 QUINTUS.
1199 481 1260 546 443

188 602 358 679 Puseoiis
377 603 455 701 (1),
483 602 672 677 monachis
702 604 879 676 commisit
889 637 906 689 ,·
932 603 1200 702 decimamque,
1223 605 1260 674 si

177 726 281 823 ¹puer
298 717 396 822 infra
414 745 466 796 vn
484 747 602 795 ausos
623 737 830 811 moneretur,
852 745 923 821 pro
939 744 993 793 vn
1011 719 1113 793 libris
1127 745 1258 820 perun-

190 839 285 913 nitor
303 837 468 912 ecelesia
488 840 676 912 concessit.
697 835 843 909 Deinde
861 832 1045 939 pruefntus
1068 862 1161 930 puer
1180 863 1262 910 ore-

192 957 259 1042 vit,
277 971 312 1029 et
328 979 442 1053 usque
457 953 512 1028 ad
523 953 789 1056 presbyterium
806 953 991 1042 ascendit,
1011 954 1263 1055 decimamque

191 1070 240 1146 do
256 1071 425 1147 Puseoiis
440 1070 508 1144 diu
518 1071 705 1172 possedit,
727 1073 954 1171 moriensque
969 1073 1159 1145 monachis
1181 1099 1263 1145 eam

186 1190 275 1288 jure
290 1188 452 1287 reliquit,
466 1215 539 1289 pro
554 1215 628 1289 qua
641 1189 815 1262 monachi
829 1215 911 1261 eum
925 1191 1126 1263 nutrierant
1139 1207 1174 1263 et
1189 1207 1264 1262 stu-

193 1305 298 1380 diose
317 1307 528 1379 docuerunt.
552 1307 666 1406 Hugo
674 1306 784 1406 filius
803 1306 1002 1397 Guaionis,
1026 1324 1263 1407 cognomento

192 1420 424 1511 Fresnelius,
443 1438 640 1521 antequam
656 1422 858 1495 monachus
868 1422 997 1522 fieret,
1018 1439 1088 1494 tres
1107 1421 1265 1524 hospites

194 1555 333 1612 saneta
357 1538 494 1611 Maria
516 1537 639 1628 dedit,
665 1556 699 1612 et
721 1539 928 1640 Stephanus
952 1539 1265 1634 Gisiebertifilius

195 1672 327 1729 terram
349 1653 516 1728 dimidiae
536 1680 702 1728 oarruoce
723 1657 827 1756 apud
847 1657 1088 1760 Gulpillerias
1108 1657 1163 1754 (o)
1184 1684 1266 1731 mo-

195 1769 325 1846 nachis
345 1771 518 1857 donauit,-
534 1788 569 1843 et
586 1771 669 1844 licet
684 1771 860 1868 defendo
880 1800 957 1845 meo
975 1799 1048 1847 non
1068 1772 1138 1847 hoo
1155 1788 1263 1863 esset,

195 1888 428 1961 donationem
444 1903 565 1960 tamen
581 1889 620 1959 in
637 1888 764 1962 charta
782 1916 865 1962 mea
880 1917 991 1962 manu
1011 1892 1165 1991 propria
1184 1917 1267 1963 eor·

197 2003 375 2080 roborari.
393 2004 490 2078 Haeo
504 2007 640 2105 itaquo,
656 2032 738 2106 qua
750 2033 777 2080 a
791 2034 848 2079 me
858 2007 921 2080 vol
932 2009 1063 2081 amicis
1074 2013 1160 2080 meis
1174 2006 1268 2081 data

197 2137 298 2211 sunt,
317 2119 503 2194 monachis
505 2121 667 2221 firmiter
677 2125 836 2196 concedo
842 2181 855 2214 ,
876 2141 910 2196 et
929 2125 1009 2197 alia
1027 2127 1150 2196 omnia
1168 2151 1266 2225 quoe·

199 2262 352 2335 eumque
378 2235 541 2310 homines
570 2240 644 2310 mei
667 2240 747 2311 sine
772 2238 1011 2312 diminutione
1029 2240 1185 2338 justitiae
1209 2240 1271 2312 ool

197 2355 373 2428 servitutis
388 2379 501 2441 mese,
527 2371 655 2428 saneto
677 2352 835 2454 Ebruffo
852 2355 1030 2456 benignus
1047 2357 1269 2458 astipulator

199 2497 347 2556 armum·
367 2488 400 2544 et
416 2488 569 2571 peropto
587 2488 625 2543 ut
641 2475 676 2545 si
689 2473 823 2572 aliquis
839 2473 984 2547 invidus
999 2490 1065 2545 aut
1081 2499 1269 2575 perversus

199 2589 290 2662 data
320 2604 444 2661 nostro
475 2588 613 2662 uiolare
637 2588 698 2662 uel
720 2590 880 2663 minuere
906 2592 1182 2692 praesumpserit
1209 2591 1270 2660 in-

199 2703 332 2776 stinctu
353 2702 514 2793 diaboli,
539 2704 730 2800 cordestim
752 2703 1008 2805 resipiscatab
1033 2707 1181 2777 insania
1203 2702 1269 2776 itu·

193 2819 362 2918 jusmodi
363 2851 381 2907 ,·
396 2844 441 2891 ne
447 2846 518 2920 pno
529 2836 632 2893 reatu
643 2816 796 2921 uffariae
806 2822 1005 2895 invasionis
1018 2837 1052 2894 et
1062 2821 1267 2921 saen'legii,

201 2961 284 3007 oum
306 2936 463 3035 reprobis
484 2954 518 3009 et
538 2936 759 3010 biothanatis
777 2938 834 3036 (3)
851 2937 898 3010 ab
917 2941 1127 3038 aequissimo
1138 2938 1270 3040 judice

201 3051 394 3126 damnetur
411 3057 450 3125 in
470 3053 533 3127 die
545 3055 689 3153 judicii
704 3054 772 3152 (4).

236 3277 275 3346 (ι)
293 3274 370 3330 Nous
386 3293 421 3329 ne
440 3276 617 3331 connaiesons
635 3293 683 3349 pas
699 3274 807 3332 d'autm
824 3275 935 3331 localiti
952 3278 967 3331 h
984 3277 1033 3350 qui
1047 3295 1158 3332 cenom
1176 3278 1269 3351 puisse

200 3364 368 3438 s’appliquer
382 3383 438 3439 qne
450 3366 581 3433 Puiseux,
597 3367 659 3439 pres
673 3368 816 3434 Pontoise,
833 3385 871 3422 ou
884 3368 1017 3434 Puiseux,
1032 3377 1112 3423 entre
1129 3368 1222 3423 Dreux
1239 3378 1269 3422 et

202 3455 346 3510 Chartres.

238 3546 279 3612 (α)
297 3542 502 3617 Goupillieres,
516 3561 552 3597 au
564 3544 592 3598 S.
607 3544 637 3597 E.
646 3542 688 3598 ·de
699 3542 833 3616 Septeuil.

239 3631 279 3706 (3)
297 3635 335 3689 Ce
348 3643 407 3687 mot
420 3632 529 3705 signifie
539 3651 608 3688 ceux
622 3634 671 3708 qui
685 3633 822 3707 perissent
833 3632 869 3687 de
880 3643 954 3687 mort
966 3632 1102 3700 violente;
1117 3635 1186 3687 mais
1201 3650 1271 3688 nous

204 3741 321 3796 croyone
333 3722 402 3797 qu'il
416 3734 458 3778 est
471 3722 597 3797 employe
614 3725 649 3778 ici
667 3723 735 3779 dans
748 3722 772 3779 la
785 3724 875 3778 sausse
887 3726 1030 3797 acception
1043 3723 1078 3779 de
1092 3725 1134 3778 bis
1147 3734 1271 3779 mortuns

204 3811 289 3884 qu'on
303 3810 342 3865 lui
355 3812 455 3884 prietait
467 3830 502 3866 au
514 3830 613 3884 moyen
625 3811 689 3885 ige,
706 3812 814 3886 d’apres
825 3811 931 3868 Isidore
944 3811 980 3867 de
992 3810 1099 3868 Seviile.

239 3903 280 3972 (i)
297 3901 321 3955 Il
334 3911 376 3956 est
387 3901 496 3970 visible,
511 3921 560 3975 par
570 3903 596 3956 le
608 3912 729 3957 contenu
747 3902 782 3957 de
800 3913 872 3958 cette
885 3902 996 3969 charte,
1010 3900 1110 3976 qu'elle
1120 3919 1155 3955 ne
1168 3900 1211 3955 iut
1224 3919 1272 3974 pos

205 3987 318 4061 rodigio
331 3993 345 4043 s
360 3989 486 4062 l’ipoque
497 3989 532 4045 de
545 3988 770 4046 l'etablissement
781 3989 828 4044 des
842 3988 975 4063 religieux
987 3989 1023 4045 de
1036 3976 1273 4045 saint-Ermum

207 4077 312 4146 Maule,
336 4096 399 4133 sous
422 4077 665 4134 l’administration
687 4078 722 4133 de
744 4077 833 4133 l'nbbe
855 4080 987 4145 Mainier,
1008 4079 1077 4132 mais
1099 4078 1272 4153 long-temps

205 4171 297 4240 apres,
312 4179 340 4223 et
355 4169 563 4241 probablement
575 4169 643 4224 dans
656 4168 695 4223 les
712 4167 854 4224 dernitns
866 4172 967 4224 annees
983 4167 1018 4222 de
1035 4167 1061 4224 ln
1074 4169 1116 4225 vie
1128 4169 1163 4224 de
1177 4169 1272 4224 Piesre

207 4257 243 4312 de
257 4259 363 4327 Maule,
378 4258 550 4316 cest-Mire
563 4261 577 4314 ὲ
590 4276 645 4315 une
658 4257 721 4316 date
733 4260 789 4314 tres
801 4258 904 4314 voisine
917 4258 952 4314 de
970 4275 1044 4314 noo.
