2910 4980
197 418 257 477 nn
464 418 648 481 unronn
670 416 975 481 noctusnsnct.
1148 424 1258 503 noos]

193 533 314 633 plures
343 532 492 606 militari
519 551 705 625 stemmate
733 537 893 627 feroces,
927 561 1104 636 sensuque
1141 539 1256 639 sagaci

193 646 415 749 consilioque
430 665 617 750 potentes,
637 654 700 752 qui
713 654 879 727 Romano
890 653 1028 726 senatui
1041 653 1180 728 virtute
1194 679 1258 728 scu

192 766 398 865 moturitate
410 791 486 839 non
499 766 678 856 oederent,
697 766 758 841 sed
774 768 819 843 ad
835 767 996 849 laborem
1011 767 1255 857 tolerandum,

192 877 404 982 hostemque
422 896 495 955 tom
512 883 660 983 ingenio
672 910 782 984 quam
796 883 1011 959 fortitudine
1021 884 1255 977 vincendum,

192 999 406 1100 aequiparari
426 999 624 1075 studerent.
1163 1066 1167 1073 .

241 1116 374 1190 Omnes
393 1115 429 1189 hi
446 1116 489 1190 ad
505 1144 698 1193 commune
712 1118 900 1194 decretum
911 1125 1012 1217 jussu
1028 1118 1130 1193 ducis
1153 1118 1257 1193 nociti

192 1249 295 1322 suut,
315 1250 352 1309 et
366 1234 484 1307 audita
507 1261 547 1309 re
570 1252 643 1308 tom
661 1235 809 1336 grandi,
828 1251 955 1334 utpote
972 1234 1101 1309 diversi
1120 1233 1258 1309 ditem

193 1367 394 1427 senserunt.
410 1351 655 1427 Animosiores
677 1353 808 1453 cupido
831 1352 914 1427 duci
930 1352 1049 1428 favere
1073 1352 1256 1443 volente,

192 1468 237 1540 ad
260 1484 441 1543 certamen
468 1470 520 1544 ire
545 1471 659 1544 socios
676 1470 895 1560 incitabant,
915 1487 1130 1571 tantumque
1146 1495 1260 1573 nego-

192 1586 286 1657 tium
302 1587 379 1658 sine
395 1611 497 1659 mora
517 1587 674 1684 incipere
687 1586 893 1660 laudabant.
909 1588 982 1660 Alii
996 1612 1083 1660 vero
1099 1585 1259 1661 laborio-

192 1727 272 1772 sum
295 1727 385 1801 opus
410 1703 503 1777 inire
520 1701 790 1793 dissuadebant,
809 1705 1036 1803 nimiumque
1056 1703 1150 1775 ausis
1168 1717 1206 1776 et
1220 1702 1259 1773 in

193 1843 319 1891 necem
342 1818 589 1917 praeeipitibus
616 1820 730 1893 multa
758 1820 965 1919 importuna
992 1834 1029 1892 et
1051 1817 1260 1892 discrimine

193 1933 297 2031 plena
321 1934 613 2033 praetendebant,
638 1937 795 2034 pericula
822 1937 930 2008 maris
959 1951 996 2009 et
1015 1934 1259 2009 difficultatem

193 2051 310 2125 classis
344 2052 597 2153 opponebant,
634 2053 1003 2153 Normannorumque
1041 2052 1259 2151 paucitatem

191 2191 268 2239 non
278 2192 380 2265 posse
388 2169 532 2243 vincere
542 2169 746 2270 Anglorum
757 2168 1030 2243 multitudinem
1040 2164 1257 2241 asseiehmt.

194 2283 354 2359 Tandem
365 2286 607 2360 Gislebertum
621 2286 876 2362 lexoviensem
885 2286 1192 2359 Archidiaoonum
1201 2281 1259 2381 (1)

193 2400 346 2473 Romam
361 2402 479 2488 misit,
499 2416 536 2475 et
548 2400 592 2475 de
602 2400 656 2474 his
669 2429 751 2502 quae
765 2403 979 2489 acciderant,
994 2402 1039 2477 nh
1053 2397 1260 2475 Alexandro

193 2515 284 2612 Papa
299 2516 488 2588 consilium
500 2518 700 2614 requisivit.
713 2519 804 2617 Papa
815 2542 901 2591 vero
917 2516 1046 2589 auditis
1056 2514 1165 2589 rebus
1176 2536 1260 2614 quae

194 2630 440 2730 contigerant,
463 2633 626 2732 legitimo
648 2634 730 2706 duci
756 2634 863 2722 favit,
883 2631 1049 2705 audacter
1077 2656 1177 2703 erma
1198 2654 1261 2719 su·

195 2914 234 2969 du
243 2926 334 2971 comte
345 2905 495 2984 d’Eneu13
509 2918 670 2974 Guiilanme
682 2918 897 2987 Fitz-Osbeme,
907 2919 1004 2973 cousin
1014 2918 1073 2974 issu
1084 2914 1121 2972 de
1134 2916 1262 2991 gemin

196 3006 235 3060 du
248 3006 318 3074 duc;
330 3008 492 3067 Guitlaume
504 3009 540 3062 1“Ι
552 3009 587 3065 de
600 3011 745 3079 vamme,
760 3010 840 3065 oncle
851 3013 867 3063 t
880 3009 906 3064 la
923 3007 1007 3064 mode
1022 3006 1058 3063 de
1071 3008 1209 3081 Bretngne
1220 3004 1263 3061 du

196 3096 265 3169 duc;
275 3099 392 3170 Hugues
401 3097 428 3154 le
437 3096 603 3167 Bouteiller3
612 3101 729 3173 Hogues
740 3100 776 3155 de
786 3098 1008 3166 Greutemesnil3
1021 3095 1161 3170 Rogerdn
1169 3096 1262 3153 Mout-

195 3184 256 3239 brai
265 3186 339 3261 (pres
348 3186 522 3257 Cononem),
534 3187 607 3242 frere
616 3187 651 3243 de
660 3188 782 3262 l’eseque
791 3186 916 3243 Geoffroi
926 3208 934 3253 ;
943 3185 1037 3258 Roget
1045 3182 1082 3249 do
1090 3184 1261 3257 hument,

195 3275 292 3329 cousin
301 3274 358 3329 issu
370 3275 405 3329 de
419 3276 542 3348 germain
554 3275 658 3331 duduc
669 3276 788 3343 Robert;
799 3277 893 3349 Roget
903 3270 1181 3346 detlontgommed,
1191 3270 1265 3327 dont

195 3362 221 3417 le
241 3365 307 3436 pere
324 3365 392 3418 enit
408 3366 505 3418 cousin
519 3365 575 3418 issu
592 3364 628 3419 de
642 3366 767 3437 germain
788 3364 827 3418 dn
846 3363 901 3417 duc
919 3362 1042 3428 Robert3
1061 3358 1208 3415 Bandouiu
1226 3358 1265 3414 de

195 3451 302 3507 Meules
322 3461 351 3507 et
369 3451 493 3507 Richard
512 3452 549 3508 de
567 3453 715 3522 Bieniaite,
737 3454 847 3508 cousins
867 3454 936 3507 iscus
953 3451 990 3505 de
1006 3446 1132 3524 germain
1149 3446 1192 3503 du
1206 3446 1265 3505 duo

195 3542 367 3598 Guillaume.

231 3630 271 3701 (t)
289 3631 368 3686 Nous
380 3648 500 3705 pensons
511 3649 566 3704 que
578 3629 670 3686 c'e'tait
681 3629 823 3686 Gislehert
834 3629 986 3694 hinniunt,
1002 3625 1044 3680 fiis
1053 3625 1089 3680 de
1104 3622 1215 3680 Robert
1225 3622 1265 3679 de

196 3720 375 3793 Courbepine
386 3722 465 3794 (pres
477 3723 606 3793 Rerum),
624 3732 653 3776 et
666 3723 716 3795 qui
730 3721 774 3776 int
791 3719 895 3792 neque
907 3715 943 3771 de
960 3715 1070 3771 Lisieux
1081 3732 1117 3769 en
1134 3730 1220 3788 ¹⁰77÷
1233 3728 1266 3767 ω

198 3828 369 3883 personnage
374 3809 501 3880 jouissait
514 3811 549 3866 de
562 3820 641 3867 toute
653 3810 680 3866 la
691 3809 831 3865 confianoe
842 3806 878 3862 do
891 3805 1066 3870 Guillaume,
1079 3802 1151 3857 dont
1163 3800 1188 3855 il·
1195 3800 1267 3856 enit

198 3902 214 3953 i
226 3900 252 3954 la
264 3900 316 3954 fois
328 3899 355 3955 le
367 3899 511 3971 chapetain
523 3911 553 3955 et
562 3900 589 3955 ie
598 3900 733 3956 medecin.
746 3901 821 3955 C'est
833 3895 1068 3970 probablementi
1079 3893 1170 3965 purtir
1178 3888 1267 3945 delui

199 4006 255 4060 que
263 3987 302 4043 les
314 3990 431 4063 e'rdques
443 3989 478 4044 de
488 3991 597 4045 Lisieux
609 3992 728 4062 ontjoni
735 3986 983 4045 hereditairement
994 3983 1063 4039 dela
1074 3981 1181 4057 qualite
1189 3980 1267 4035 d'au·

201 4076 322 4132 monicus
335 4078 383 4133 des
396 4079 464 4135 dues
477 4079 512 4136 de
525 4079 710 4149 Normandie,
724 4090 753 4134 et
764 4079 800 4134 de
811 4077 989 4150 i'exemptiou
1001 4076 1170 4147 importante
1182 4069 1235 4146 qui
1247 4089 1265 4142 y

203 4167 270 4221 e'tait
283 4169 416 4223 attacht'e.
