2910 4980
188 391 270 469 [m
285 388 377 473 ausa]
561 378 680 448 anna
701 380 879 449 rasurus.
1197 391 1252 450 ιιι

188 506 308 581 lermo
322 499 452 589 ahbte
468 502 506 573 S.
522 500 699 577 Eufemiae
712 498 790 578 filio
803 499 951 577 Unfridi
966 499 1011 575 de
1024 500 1188 577 Tulliolo'
1197 503 1256 604 (t)

189 618 269 697 fero
284 618 400 692 tribus
416 618 521 692 annis
539 619 577 691 in
594 616 756 693 Calabria
771 620 925 709 mansit,
942 634 979 693 et
996 617 1080 695 inde
1095 645 1257 695 remeans

189 734 356 837 podioli
374 731 535 825 abbatis,
558 734 658 833 cnjus
677 734 753 834 ipse
774 731 1014 809 consobrinus
1035 750 1132 824 erat,
1157 735 1257 811 dono

189 873 396 953 mppsmex
408 848 487 925 alba
504 876 664 951 purpura
680 853 718 923 S.
735 850 891 927 Ebnalfo
908 851 1050 927 detulit.
1066 854 1133 925 llio
1146 852 1259 926 abin·

190 970 303 1045 sentia
335 968 547 1043 monasticas
574 966 840 1044 observationes
866 967 1093 1043 landabiliter
1119 971 1257 1059 tenuit,

190 1088 388 1188 tinuoque
399 1086 514 1159 cultui
529 1103 639 1161 noete
651 1084 781 1188 dieque
797 1086 980 1162 seruentur
991 1086 1150 1162 inhaesit.
1165 1088 1261 1162 Psal-

191 1203 350 1280 nudam
373 1218 447 1275 tam
470 1200 740 1304 infatigabiliter
759 1203 913 1277 vidimus
940 1228 1024 1277 eum
1046 1202 1261 1306 plerumque

193 1337 336 1407 tenere,
357 1331 401 1390 ιιι
419 1317 481 1390 rix
500 1343 594 1390 nnus
615 1316 809 1393 versiculus
832 1316 878 1391 ab
899 1318 976 1392 aliis
1002 1318 1039 1390 in
1060 1318 1173 1394 choro
1194 1342 1261 1394 suo

192 1434 407 1536 psalleretur
420 1435 498 1533 ipso
511 1449 662 1507 tacente.
677 1434 747 1509 Sed
760 1434 853 1508 sient
864 1436 1121 1533 scriptumest:
1137 1436 1262 1508 ηιιιὶιω

194 1550 443 1625 titulationes
446 1551 631 1650 justorum
640 1554 653 1643 (
656 1551 712 1649 2),
729 1549 787 1622 bic
799 1550 930 1649 inultas
941 1548 1167 1625 adversitates
1176 1575 1264 1650 per-

195 1690 316 1766 poesus
327 1680 381 1740 ast
394 1665 670 1767 importunitate
688 1667 911 1741 tumultuum
924 1667 1143 1752 interiorum
1155 1683 1192 1742 at
1205 1693 1264 1741 er-

195 1766 385 1859 uariorum.
409 1783 499 1857 Nam
517 1785 600 1883 quia
618 1782 754 1883 rigidus
767 1801 805 1858 et
826 1810 928 1884 asper
945 1799 1022 1859 erut
1043 1786 1261 1874 temerariis,

196 1917 304 2002 atque
319 1899 456 1972 adulari
477 1899 736 2000 dedignabatur
756 1902 978 2003 hypocritis,
1002 1928 1097 2001 saepe
1116 1919 1265 1977 contur-

196 2015 300 2089 batus
316 2029 371 2089 est
386 2040 515 2088 eorum
537 2013 826 2090 infestationibus
849 2015 1085 2090 multimodis.
1112 2018 1162 2090 Et
1181 2018 1264 2118 quia

197 2130 324 2209 oonlt'ts
344 2128 410 2203 Dei
433 2130 557 2204 omnia
579 2131 756 2220 intuetur,
779 2130 976 2232 subtilique
991 2132 1129 2230 jndicio
1147 2133 1267 2206 redar-

198 2252 275 2347 guit
300 2270 342 2319 aa
368 2246 504 2338 etiam,
533 2273 615 2348 quoe
644 2245 853 2321 hominibus
882 2246 1055 2321 laudanda
1082 2247 1265 2339 videntur,

200 2362 414 2463 pradictum
440 2363 590 2443 fratrem
613 2363 659 2438 ab
688 2365 839 2438 infantia
869 2361 1080 2439 infirmitate
1104 2364 1268 2466 corporis

201 2481 403 2580 surripuit-
417 2497 454 2556 et
471 2481 544 2554 bno
557 2507 672 2582 usque
684 2485 749 2581 (ut
763 2485 880 2582 justus
892 2481 1109 2581 justificetur
1130 2479 1267 2581 adhuc)

200 2594 451 2671 membrorum
467 2597 689 2672 debilitatem
710 2612 941 2698 augmentare
966 2624 1041 2672 non
1062 2597 1213 2672 desistit.
1235 2596 1269 2670 ls

202 2712 300 2787 enim
315 2712 356 2784 in
368 2711 544 2811 pueritia,
561 2713 646 2814 quia
664 2711 919 2787 immoderatus
936 2728 1032 2801 erat,
1047 2728 1084 2786 et
1095 2711 1140 2784 ad
1160 2736 1269 2786 omne

203 2852 313 2929 opum
327 2842 371 2901 ut
385 2828 534 2929 reliquis
547 2827 720 2902 fratribus
734 2829 869 2905 fortior
883 2828 1079 2918 videratur,
1095 2843 1175 2903 toto
1189 2826 1272 2901 nisu

205 2942 435 3043 turgebat,
458 2960 608 3044 ruptura
631 2946 908 3036 intestinorum,
933 2944 1022 3018 dum
1043 2961 1176 3019 terram
1196 2969 1274 3046 ges·

206 3075 301 3133 uret
310 3110 322 3148 ‚
339 3059 445 3134 laesus
460 3078 534 3150 est,
554 3063 704 3165 ipsoque
716 3060 782 3134 sibi
798 3088 873 3137 non
888 3077 1056 3163 parcente
1069 3062 1197 3135 laesura
1216 3087 1273 3135 ea·

205 3175 290 3255 dem
311 3178 516 3252 insanabilis
541 3181 664 3253 effecta
687 3195 751 3253 est.
774 3180 935 3279 Denique
954 3183 1029 3278 jam
1051 3206 1117 3277 per
1136 3194 1273 3278 septem

206 3320 321 3370 annos
343 3310 416 3369 tam
436 3297 536 3398 gravi
557 3323 746 3399 oppressus
768 3313 821 3373 est
839 3298 1019 3399 passione,
1044 3311 1086 3370 ut
1107 3322 1174 3370 nec
1193 3321 1274 3367 ma-

208 3436 297 3486 num
313 3411 359 3486 ad
377 3439 417 3487 os
434 3441 531 3489 nunc
550 3417 664 3514 possit
680 3417 837 3518 erigere,
855 3441 922 3489 nec
942 3416 1087 3515 propria
1105 3414 1139 3486 vi
1160 3411 1276 3515 quod-

210 3524 299 3601 libet
316 3527 473 3602 officium
489 3528 558 3604 sibi
581 3530 762 3605 exhibere.
784 3531 930 3604 Summe
952 3531 1066 3616 Deus,
1090 3529 1153 3627 qui
1174 3554 1274 3600 sanas

212 3643 391 3717 contritos
410 3645 536 3736 corde,
560 3647 755 3721 clementer
771 3646 864 3720 illius
879 3646 1065 3732 niiserere,
1087 3649 1274 3746 ipsumque

212 3751 257 3828 ab
268 3757 372 3831 omni
385 3784 587 3861 expurgans
600 3761 749 3852 seelera,
763 3776 926 3861 ereptum
937 3759 983 3834 de
995 3764 1111 3834 earnis
1123 3759 1277 3833 molesto

248 4046 289 4117 (ι)
308 4047 402 4119 Voyez
415 4048 565 4121 ci-desans,
580 4071 663 4127 pagos
673 4050 707 4108 30
720 4064 748 4108 et
760 4053 803 4126 89.

248 4136 288 4206 (a)
302 4135 404 4192 Pulsis.
419 4156 473 4208 vit,
488 4156 533 4195 ao.
