2910 4980
564 367 681 430 LIBER
702 368 886 446 QUINTUS.
1197 375 1258 440 tta

190 492 273 593 glire
287 514 425 592 regum.
445 489 605 589 Sequens
620 516 640 562 a
654 490 769 588 priori
784 504 949 564 matrona
963 488 1082 592 dispar
1094 495 1259 570 moribus

191 608 325 681 extitit.
343 611 434 679 Nam
449 606 656 680 maturitate
671 619 708 678 et
724 605 899 706 religione
915 607 1048 707 viguit,
1066 608 1260 712 virumque

191 750 297 798 suum
321 723 365 797 ad
383 749 543 797 amorem
561 721 823 796 monachorum
848 740 884 797 et
901 723 1148 800 defensionem
1168 755 1259 828 pau-

191 867 321 941 perum
338 840 548 941 frequenter
565 839 741 912 incitavit.

241 957 415 1031 Praefatus
433 957 544 1058 igitur
561 956 666 1030 heros
677 956 783 1048 mala,
800 983 882 1058 quae
897 960 1110 1063 plerumque
1126 961 1260 1036 fecerat

192 1073 440 1164 Uticensibus,
470 1074 647 1164 recoluit,
675 1075 918 1178 pristinosque
939 1093 1058 1151 reatus
1079 1082 1263 1179 sequentis

192 1194 277 1267 vitae
296 1193 544 1267 emendatione
565 1192 736 1293 sagaciter
756 1191 898 1267 abolere
922 1194 1073 1268 studuit.
1096 1197 1261 1271 Viriliter

193 1314 290 1385 enim
308 1310 539 1410 postmodum
552 1309 747 1384 monachos
762 1311 913 1410 adjuvit,
930 1314 1018 1387 etin
1038 1313 1262 1389 Normannia

193 1444 231 1503 et
252 1428 377 1529 Anglia
395 1428 566 1528 plurimas
583 1453 639 1500 res
657 1427 727 1498 illis
745 1428 924 1527 erogavit,
945 1444 981 1502 et
998 1430 1082 1503 inde
1101 1429 1261 1503 chartam

194 1544 397 1646 hujusmodi
415 1572 536 1619 coram
552 1543 762 1645 proceribus
780 1546 852 1618 suis
869 1546 1072 1620 voluntarie
1089 1550 1220 1622 sanxit.

242 1666 329 1765 Ego
341 1665 534 1764 Rogen'us,
550 1665 621 1736 Dei
636 1666 762 1763 gratia
778 1663 1106 1740 Scrobesburiensis
1125 1693 1258 1759 comes,

194 1782 396 1858 coenobium
415 1784 536 1855 sancti
549 1784 671 1883 patris
692 1781 840 1883 Ebrulfi
860 1783 1040 1856 bonorare
1055 1802 1190 1886 appeto
1194 1843 1208 1876 ‚
1229 1804 1263 1859 et

194 1901 275 1976 boec
290 1900 409 1972 eidem
416 1897 464 1971 de
476 1899 581 1972 rebus
591 1904 693 1989 meis,
702 1926 776 2001 pro
792 1899 911 1973 salute
921 1926 1003 1973 mea
1015 1928 1259 2004 meorumque,

188 2020 397 2119 perenmter
410 2014 582 2089 conceda.
597 2019 671 2088 Per
680 2016 844 2115 singulos
860 2041 977 2090 annos
992 2021 1149 2091 intrante
1162 2019 1263 2118 Qua·

195 2133 407 2233 dragesima
434 2156 508 2204 xxx
532 2131 671 2206 solidos
704 2133 1012 2208 Cenomannensis
1037 2152 1191 2209 monetae
1216 2137 1265 2210 de

195 2249 399 2322 redditione
417 2249 630 2323 Alencionis
640 2248 754 2350 jubeo
768 2249 873 2340 dari,
889 2250 945 2323 ad
962 2250 1263 2327 illuminationem

196 2364 258 2437 die
284 2382 463 2464 noctuque
481 2363 705 2464 faciendam
735 2368 773 2437 in
805 2366 961 2439 eeclesia
994 2368 1156 2442 Uticensi
1180 2388 1266 2443 ante

200 2483 427 2582 Crucrflxum
458 2485 610 2555 Domini
641 2485 710 2581 (r).
746 2484 973 2584 Passagium
1004 2489 1116 2560 etiam
1148 2491 1264 2590 ipsius

195 2600 411 2674 Aleneionis
430 2616 464 2671 et
480 2626 603 2673 omnes
625 2600 901 2673 eonsuetudines
920 2604 958 2674 in
976 2617 1053 2675 tota
1072 2619 1168 2677 terra
1183 2632 1265 2678 mea

198 2714 245 2786 de
256 2717 420 2816 propriis
436 2717 557 2788 sancti
576 2714 680 2788 rebus
699 2713 887 2801 coneed0,·
904 2731 939 2787 et
960 2718 999 2787 in
1017 2717 1183 2791 omnibus
1199 2747 1266 2792 ne-

197 2833 357 2905 moribus
377 2835 466 2906 meis
485 2835 713 2934 pasnagium
735 2833 783 2905 de
803 2833 1063 2908 monachorum
1074 2839 1203 2938 porcis
1227 2840 1264 2911 in

191 2965 411 3051 perpetuum
435 2948 623 3048 indulgeo.
650 2947 716 3022 Ad
737 2946 981 3047 Eecalfoium
1004 2968 1136 3025 terram
1158 2957 1266 3029 unius

198 3069 317 3139 aratri
340 3066 455 3156 dono,
489 3067 743 3167 decimamque
770 3067 993 3161 molendini,
1022 3087 1057 3143 et
1086 3070 1267 3146 decimam

197 3187 356 3257 omnium
390 3183 596 3257 reddituum
629 3185 794 3286 ejusdem
823 3189 938 3260 castri
968 3184 1270 3289 irrefragabiliter

198 3326 324 3375 annuo
331 3332 346 3387 ‚·
366 3300 620 3400 decimamque
634 3301 879 3375 nundinarum
894 3303 942 3374 de
954 3304 1130 3377 Plancbis
1145 3305 1204 3403 (a)
1220 3307 1267 3378 de

194 3434 304 3518 parte
323 3443 403 3489 mea
421 3417 572 3490 libenter
590 3417 705 3492 addo.
722 3418 934 3493 Ecclesiam
948 3419 994 3492 de
1015 3421 1174 3495 Radone
1195 3425 1211 3522 (
1232 3423 1264 3521 ),

237 3705 277 3775 (r)
295 3704 372 3759 Nous
383 3706 479 3778 prinus
492 3704 518 3760 le
529 3704 636 3762 lecteur
649 3704 732 3760 dene
750 3723 798 3778 pas
811 3705 920 3761 oublier
932 3722 963 3760 ce
976 3723 1114 3780 qaenam
1130 3724 1213 3762 arona
1226 3706 1269 3762 dit

201 3790 352 3862 eidessus,
375 3794 395 3848 l.
408 3813 445 3864 tv,
467 3815 496 3869 p.
514 3794 579 3871 169,
603 3815 650 3851 sur
669 3795 889 3869 l'emplacement
906 3796 1081 3871 qu'occupait
1096 3797 1224 3869 toujours
1238 3816 1270 3853 ce

202 3881 317 3936 crucifix
330 3880 399 3938 daus
410 3882 450 3938 les
461 3885 608 3940 anciennes
620 3884 718 3960 egliaes
730 3885 824 3955 (entre
836 3884 864 3940 le
876 3885 974 3941 choenr
985 3896 1014 3940 et
1032 3885 1059 3940 la
1077 3885 1181 3941 croiade
1193 3884 1229 3941 de
1242 3885 1269 3942 la

203 3969 278 4132 miii
295 4060 596 4119 Planchesnurdiisle.

240 4146 278 4220 (ὅ)
296 4148 404 4204 Radon.
