2910 4980
195 484 233 542 28
420 477 603 539 HISTORIA
624 477 926 540 Ecctffiltsrlct.
958 481 1255 562 [cameto-1060]

196 598 408 671 Willermus
425 598 628 670 Talavacius
650 613 812 697 ceperat,
838 625 905 672 nec
929 600 1026 673 exire
1046 600 1091 674 de
1113 628 1255 677 carcere

195 711 452 813 permittebat,
488 714 556 786 nisi
585 713 800 812 praedictum
827 714 1041 814 dejiceretur
1070 733 1253 806 castrum,

196 831 295 931 quod
312 829 413 904 valde
429 830 621 935 metuebat.
641 838 833 932 Postquam
850 849 969 906 autem
987 832 1198 908 Gnissrodus
1210 835 1256 909 de

196 948 348 1021 vinculis
361 948 537 1021 Talaracii
555 949 681 1037 erasit,
700 947 880 1022 Geroiano
897 948 1024 1024 baroni
1042 977 1111 1048 pro
1128 977 1255 1052 magna

197 1065 383 1165 fidequam
395 1066 687 1165 ineorepererat,
699 1082 854 1137 castrum
862 1067 1258 1167 sanctiSerenicisuper

198 1183 337 1255 Sartam
355 1183 386 1256 ei
403 1183 528 1255 erexit.
547 1182 662 1255 Multa
679 1208 818 1282 possem
834 1182 879 1255 de
889 1181 1084 1257 Willermo
1097 1182 1254 1273 referre,

196 1297 257 1370 scd
281 1298 365 1397 qnia
380 1297 545 1398 pluribus
566 1324 725 1398 occupor
739 1299 835 1370 curis
846 1353 858 1387 ,
878 1323 989 1397 cogor
1008 1297 1052 1370 ad
1071 1299 1137 1371 alia
1157 1314 1256 1372 tran·

196 1415 280 1487 sire.
294 1414 347 1486 De
362 1412 435 1487 fine
450 1439 536 1487 vero
552 1417 625 1513 ejus
641 1415 746 1487 latius
760 1413 1038 1514 insequentibus
1048 1415 1253 1489 edisseram.

194 1529 302 1602 Nunc
312 1528 356 1603 de
367 1529 538 1602 fratribus
550 1532 625 1628 ejus
637 1531 694 1627 (nt
704 1556 809 1628 supra
820 1529 990 1628 promisi)
1002 1530 1257 1630 compendiose

195 1645 369 1744 detegam.

244 1762 430 1850 Fulcoius,
445 1763 508 1864 qui
525 1764 649 1836 tertius
661 1779 752 1852 erat,
766 1761 992 1838 medietatem
1007 1765 1254 1840 Monasterioii

195 1878 334 1970 habuit,
347 1880 508 1981 duosque
517 1882 623 1971 filios,
634 1882 808 1956 Geroium
815 1896 851 1955 et
859 1882 1062 1969 Fuieoium,
1073 1908 1116 1954 ex
1122 1909 1256 1956 concu-

195 1995 280 2069 bina
290 1999 504 2095 procrearit.
519 2000 596 2097 lpse
611 2013 693 2098 post
706 2012 861 2072 mortem
874 1997 1047 2071 Rodbcrti
1058 1996 1158 2069 ducis
1170 2023 1255 2070 cum

147 2108 153 2119 ’
195 2130 378 2212 compatre
400 2140 465 2188 suo
489 2112 692 2188 Gisieberto
712 2115 861 2203 comite,
877 2140 986 2214 quem
1008 2111 1253 2202 conducebat,

194 2230 331 2304 occisus
350 2247 415 2303 est.
443 2230 639 2304 Rotbertus
658 2245 815 2304 castrum
833 2237 869 2303 S.
891 2231 1048 2304 Serenici
1076 2256 1160 2302 cum
1183 2231 1257 2303 cin·

195 2348 414 2445 cumjacente
445 2348 629 2448 provincia
656 2346 720 2420 diu
746 2348 886 2432 tenuit,
915 2347 1020 2443 eique
1041 2347 1256 2419 Willermus

195 2463 268 2534 dux
281 2461 485 2537 Adelaidem
499 2462 752 2536 consobrinam
762 2488 862 2533 suam
877 2462 914 2532 in
926 2461 1131 2560 conjugium
1140 2461 1254 2555 dedit,

194 2603 237 2649 ex
251 2605 319 2678 qua
335 2577 451 2651 filium
467 2580 614 2653 nornine
629 2578 853 2653 Rodbertum
871 2577 956 2678 (qui
978 2603 1076 2649 nunc
1096 2577 1255 2652 Henrico

194 2695 268 2794 rogi
287 2692 488 2796 Anglorum
507 2696 655 2792 militat)
674 2695 886 2796 procreavit.
902 2693 1038 2768 Verum
1057 2710 1141 2792 post
1158 2695 1256 2766 mul-

195 2827 248 2882 tas
260 2812 508 2913 mirandasque
521 2811 730 2911 probitates,
743 2836 829 2910 quas
842 2809 966 2908 gessit,
980 2811 1118 2910 magnis
1132 2810 1256 2883 simul·

194 2928 328 3002 tatibus
345 2932 435 3003 ortis
453 2931 549 3004 inter
565 2930 794 3003 Normannos
811 2940 847 2999 et
862 2924 1152 3026 Andegavenses,
1176 2953 1255 2998 cns-

195 3059 294 3117 trum
303 3047 415 3117 sancti
426 3045 583 3120 Serenici
593 3058 718 3117 contra
728 3038 961 3114 Willermum
974 3041 1103 3112 ducem
1115 3042 1252 3128 tenuit,

197 3162 318 3264 ibique
334 3190 431 3238 anno
446 3165 594 3235 ducatus
610 3160 766 3260 ejusdem
776 3157 876 3230 ducis
891 3167 985 3231 xxr⁰
999 3155 1162 3231 obsessus
1179 3174 1251 3246 est,

192 3305 374 3380 pomoque
398 3294 591 3367 venenato,
621 3273 719 3377 quod
741 3275 885 3373 conjugi
907 3300 980 3346 suae
1004 3275 1038 3345 ri
1063 3291 1252 3374 rapuerat,

195 3413 373 3485 comesto,
405 3411 488 3496 post
516 3395 677 3493 quinque
700 3388 775 3463 dies
802 3405 968 3462 mortuus
990 3405 1056 3463 est.
1081 3390 1255 3464 Radulsus

195 3528 315 3585 autem
326 3512 476 3611 quintus
493 3509 603 3582 frater
620 3505 776 3579 Clericus
792 3504 1066 3605 cognominatus
1081 3521 1153 3586 est,
1169 3508 1254 3604 quia

194 3631 320 3729 peritia
335 3629 557 3713 litterarum,
573 3625 794 3722 aliarumque
804 3623 939 3693 artium
950 3623 1110 3721 apprime
1130 3620 1255 3695 imbu-

195 3762 251 3818 tus
272 3760 337 3818 est.
361 3745 428 3816 Hic
453 3759 490 3817 et
510 3741 762 3816 Mala-Corona
788 3736 995 3827 vocabatur,
1021 3763 1064 3811 eo
1088 3736 1189 3837 quod
1214 3738 1253 3810 in

189 3867 378 3960 juventute
395 3886 455 3932 sua
477 3858 693 3932 militaribus
714 3855 891 3930 exercitiis
911 3873 948 3929 et
970 3853 1173 3930 levitatibus
1193 3854 1255 3928 de-

194 3979 390 4053 tinebatur.
418 3978 515 4051 Artis
539 3975 726 4048 medicinae
750 3973 985 4072 peritissimus
1008 3972 1097 4059 suit,
1120 3973 1256 4044 multa-

194 4122 347 4197 rumque
369 4120 490 4168 rerum
517 4090 695 4189 profunda
714 4106 867 4180 secreta,
893 4092 987 4164 unde
1009 4115 1110 4164 senes
1132 4087 1255 4162 liberis

192 4228 228 4285 ct
245 4210 438 4309 nepotibus
461 4209 532 4281 suis
556 4205 669 4280 a'dbuc
692 4233 760 4306 pro
780 4209 1016 4284 admiratione
1034 4208 1252 4307 loquuntur,
