2910 4980
191 463 232 522 ar
464 464 647 526 nrsroun
670 466 976 529 uccnusnsrrci.
1047 476 1258 556 [toootoso]

193 581 341 655 tradidit
350 611 362 672 ς
383 600 419 656 ct
436 584 520 659 inde
536 611 590 658 xu
608 589 823 676 canonicos,
850 611 943 688 quos
959 589 1133 690 Rogerius
1152 609 1259 692 pater

193 724 277 770 suus
296 698 434 799 ibidem
447 705 701 793 constituerat,
722 706 837 805 ejecit.
853 707 1025 807 Expulsis
1045 725 1165 782 autem
1182 712 1258 785 cle-

193 817 277 887 ricis
299 817 404 916 (quia
430 820 524 918 gulae
549 838 586 894 et
611 820 778 911 libidini,
806 823 954 923 aliisque
982 826 1098 898 carnis
1126 827 1258 928 volup-

194 932 329 1007 tatibus
355 936 621 1028 deservierant,
652 955 690 1013 et
719 940 948 1014 secularibus
975 943 1258 1043 emolumentis)

193 1049 383 1124 collocavit
396 1051 529 1126 ibidem
542 1053 737 1130 monachos
746 1054 968 1155 regularibus
982 1054 1141 1130 imbutos
1153 1057 1258 1130 disci-

192 1165 315 1263 plinis.
333 1168 448 1241 Porro
465 1169 630 1244 monachi
644 1174 744 1269 jussu
759 1171 872 1269 patrie
885 1170 1077 1249 Gisleberti
1095 1173 1258 1244 strictam

194 1281 378 1386 religionis
391 1287 485 1358 riam
501 1287 539 1360 in
551 1286 696 1361 ecclesia
710 1294 823 1361 sancti
836 1290 991 1362 Martini
1002 1289 1256 1389 arripuerunt,

193 1416 231 1471 et
245 1401 454 1502 sequacibus
474 1404 546 1475 suis
563 1404 773 1477 servandam
791 1405 963 1505 usquead
980 1422 1138 1479 mortem
1158 1426 1258 1478 com·

194 1519 390 1607 miserunt;
409 1542 519 1620 quom
530 1546 748 1596 successores
765 1547 892 1595 eorum
906 1520 973 1594 sub
987 1521 1134 1596 eruditis
1146 1521 1260 1619 patri-

193 1632 261 1704 bus
278 1634 478 1725 Gerberto,
497 1635 669 1710 Duraudo
691 1653 728 1711 et
744 1636 901 1710 Arnulfo
917 1662 1030 1738 usque
1055 1635 1161 1710 hodie
1180 1636 1260 1708 lau·
1325 1688 1336 1701 ..

194 1745 363 1823 debiliter
379 1769 502 1825 tenere
517 1767 736 1853 sategerunt.

117 1964 122 1970 Δ
245 1866 297 1938 De
325 1869 461 1941 Geroio
494 1870 795 1959 Ernaldi.Grossi
824 1873 868 1945 de
899 1874 1009 1947 Corte
1039 1868 1176 1943 sedaldi
1201 1869 1259 1966 (1)

196 1981 330 2057 Abonii
346 1985 504 2058 Britonis
520 1986 585 2059 filii
599 1986 695 2079 filio,
714 1993 813 2087 cujus
830 1991 1019 2089 progenies
1033 1982 1260 2061 Uticensibus

196 2101 309 2174 multa
335 2100 507 2177 beneficia
533 2105 710 2193 contulit,
736 2105 826 2178 libet
848 2105 907 2178 bic
924 2105 1077 2206 posteris
1095 2102 1263 2176 'breviter

196 2219 366 2292 intimare
380 2221 461 2320 quis
475 2221 632 2320 qualisve
646 2221 770 2295 suerit.
789 2224 857 2295 Hic
868 2226 1053 2321 ex¹magna
1069 2219 1261 2296 nobilitate

196 2338 419 2413 Francorum
433 2353 470 2409 et
486 2338 677 2409 Britonum
693 2339 882 2434 processit,
902 2338 1063 2434 miraque
1075 2333 1257 2430 probitate

198 2469 234 2524 et
250 2453 392 2524 audacia
408 2451 631 2549 temporibus
648 2453 809 2549 Hugonis
827 2452 947 2548 Magni
966 2466 1003 2523 et
1020 2447 1186 2522 botberti
1202 2475 1264 2522 re-

198 2595 285 2667 gum
298 2569 521 2638 Francorum
531 2564 705 2640 nobiliter
716 2567 843 2667 viguit.
858 2567 1032 2641 Hildiardi
1045 2592 1133 2641 vero
1145 2570 1261 2640 sorori

200 2689 275 2782 ejus
298 2699 370 2756 tres
388 2683 452 2756 filii
476 2697 512 2756 et
532 2683 698 2756 undecim
716 2684 799 2757 fitiae
819 2685 989 2772 suerunt,
1005 2711 1087 2785 quae
1104 2683 1261 2757 honora·

199 2797 334 2870 bilibus
350 2800 433 2870 viris
450 2812 573 2897 nuptae
593 2798 726 2872 multos
742 2799 837 2873 filios
850 2815 1086 2898 pepererunt,
1102 2799 1164 2897 qui
1182 2825 1265 2871 suc-

200 2914 339 2989 cedenti
356 2929 519 3013 tempore
536 2917 572 2987 in
591 2914 704 2989 Gallia
722 2932 758 2988 et
771 2915 1023 3016 Angliaatque
1039 2916 1167 3015 Apulia
1184 2913 1264 2988 hos·

201 3035 296 3104 tibus
318 3033 482 3104 inarmis
503 3058 635 3132 magno
659 3035 789 3106 terrori
811 3032 973 3108 fuerunt.
998 3033 1149 3106 Geroius
1169 3033 1265 3105 inter

200 3149 339 3249 reliqua
353 3149 461 3222 fortia
479 3175 607 3249 opera,
620 3174 704 3249 quae
721 3149 824 3236 fecit,
840 3177 922 3222 cum
933 3150 1129 3223 Willermo
1149 3149 1264 3221 Beles-

201 3267 313 3338 mensi
334 3266 391 3364 (2)
411 3267 770 3340 contraHerbertum
788 3267 1137 3341 Cenomannensium
1154 3268 1265 3339 comi-

203 3629 257 3666 aux
269 3610 418 3666 chanoines
431 3610 528 3665 etablis
540 3614 556 3665 a
568 3612 676 3665 Troarn
686 3609 734 3664 des
748 3626 813 3663 1022
823 3632 831 3676 ;
842 3609 1004 3664 neaurnoius
1014 3607 1041 3661 le
1053 3606 1174 3679 premier
1186 3607 1268 3678 supe·

204 3699 281 3753 rieur
305 3698 429 3771 regulier
454 3697 489 3751 de
506 3717 537 3752 ee
562 3699 731 3764 monestere,
750 3696 886 3763 Gerbrrt‚
907 3715 941 3750 no
960 3703 1040 3768 porta
1052 3694 1133 3766 point
1152 3693 1177 3746 le
1200 3692 1268 3748 titre

204 3788 315 3854 d’abbe,
339 3787 386 3861 qui
411 3806 446 3840 ne
465 3787 509 3841 fut
530 3787 588 3858 pris
603 3805 657 3860 quc
669 3803 719 3859 prr
731 3784 861 3849 Durand‚
886 3801 935 3837 sou
955 3799 1121 3847 successeur,
1134 3799 1171 3845 eu
1189 3777 1265 3851 ¹⁰59·

205 3879 321 3934 Arnulle
335 3879 473 3951 templaca
482 3895 513 3930 ce
525 3876 637 3931 dernier
651 3896 686 3931 en
703 3877 785 3943 1088,
800 3886 828 3929 et
841 3883 954 3928 mourut
966 3891 1000 3926 eu
1012 3893 1023 3926 a
1033 3893 1042 3926 r
1051 3889 1090 3926 ru.
1104 3873 1142 3927 Ce
1155 3873 1270 3942 pa‘stage

206 3967 309 4022 semble
321 3967 396 4021 avoir
409 3968 454 4019 cte
467 3963 538 4018 ecrit
547 3965 782 4018 anterieurement
794 3965 809 4016 b
822 3980 848 4016 sa
863 3970 945 4015 mort.

241 4059 279 4126 (1)
290 4056 472 4112 Courcerault
485 4055 547 4127 pres
560 4055 705 4126 Mortagne
716 4057 725 4123 (
734 4053 813 4110 Orne
822 4053 842 4121 ).

241 4147 279 4214 (o)
293 4144 454 4200 Guillaume
469 4144 503 4196 l‘²
516 4142 550 4197 de
569 4141 702 4210 Bellerne,
723 4143 789 4215 pere
801 4141 835 4196 de
849 4138 1009 4195 Guillaume
1023 4134 1126 4191 Taltas.
1142 4134 1180 4189 Ce
1195 4149 1269 4185 eom·

206 4236 252 4289 bat
266 4254 280 4287 a
294 4235 332 4289 dir
347 4234 422 4289 avoir
434 4232 490 4286 lieu
503 4248 563 4286 vers
579 4249 654 4287 rouo.
