2910 4980
203 394 262 452 ras
477 388 660 451 nrsroan
682 389 987 452 accnmnsnca.
1162 394 1269 473 [rosa]

202 510 415 585 Guillelmus
439 524 527 582 tunc
555 510 592 582 in
618 513 717 583 Dana
741 509 839 610 sylva
859 509 913 607 (1)
936 523 1034 598 erat,
1056 507 1182 610 ibique
1202 537 1270 612 pro

201 616 304 700 more
320 624 463 699 venatui
481 621 640 697 vacabat.
661 623 739 696 lllic
756 623 879 698 audito
896 625 1052 697 adventu
1067 624 1267 717 Dacorum,

201 743 321 815 statim
345 741 515 814 nuntium
539 741 672 815 direxit
691 740 923 830 Eboracum,
947 767 1102 816 monens
1124 768 1210 818 suos
1229 760 1269 819 ut

202 886 274 933 sese
299 859 436 931 cautius
463 857 501 931 in
526 883 586 932 eos
610 872 875 957 praepararent,
906 858 1094 960 ipsumque
1117 860 1145 931 si
1174 857 1268 937 forte

203 975 387 1051 necessitas
410 990 573 1074 posceret
594 974 821 1048 advocarent.
851 974 1168 1050 Remandaverunt
1187 1003 1268 1051 cue·

201 1093 301 1167 todes
337 1091 589 1192 praesidiorum
621 1117 697 1166 non
728 1091 881 1191 indigeri
911 1091 1091 1167 subventu
1119 1098 1196 1193 ejus
1223 1096 1266 1170 ed

200 1236 350 1282 annum.
364 1210 442 1280 Jam
455 1207 627 1281 Adelinus
644 1209 699 1307 (a)
708 1262 720 1297 ,
734 1206 925 1282 Guallevus
934 1262 945 1296 ,
961 1209 1176 1308 Siguardus,
1195 1210 1266 1285 alii·

199 1352 270 1427 que
283 1340 525 1426 praepotentes
539 1324 649 1424 Angli
666 1323 710 1399 ad
729 1324 849 1399 Dauos
866 1326 1097 1400 contulerant
1112 1354 1163 1402 se.
1181 1331 1265 1405 Per·

199 1458 348 1517 ventum
365 1456 419 1516 est
439 1441 485 1515 ad
502 1441 680 1516 Humhrae
703 1442 765 1515 lati
788 1442 948 1516 fluminis
969 1444 1116 1518 ostium.
1141 1444 1264 1521 Adeli-

200 1585 267 1633 nus
286 1558 336 1631 ibi
349 1583 509 1632 seorsum
522 1587 542 1631 a
554 1559 648 1632 socia
665 1556 771 1631 turba
789 1584 870 1631 cum
884 1557 1100 1658 quibusdam
1117 1586 1264 1637 suorum

198 1675 397 1773 praedatum
414 1674 516 1747 ierat.
534 1673 633 1767 Quos
647 1674 806 1747 insiliens
821 1673 954 1746 familia
967 1674 1060 1774 regis
1072 1699 1093 1748 e
1106 1676 1263 1751 Linuolie

198 1791 294 1889 cepit
311 1815 435 1864 omnes
444 1843 456 1878 ,
474 1790 630 1890 exceptis
641 1787 783 1865 duobus
800 1817 883 1863 cum
899 1790 1053 1866 Adelino
1067 1791 1214 1892 elapsis,
1228 1810 1263 1869 et

196 1907 317 1981 navim
333 1905 534 2008 confregit,
553 1933 663 2007 quam
679 1907 839 1982 custodia
855 1933 987 2008 pavens
1004 1909 1178 1984 deseruit.

245 2023 336 2098 Dani
348 2021 554 2098 Eboracum
567 2023 755 2114 accedunt,
770 2025 949 2123 nimisque
962 2024 1164 2098 incolarum
1178 2052 1263 2103 uou-

148 2223 150 2226 .
197 2140 369 2216 tubernio
386 2142 481 2214 aucti
501 2156 599 2213 sunt.
613 2140 803 2216 Guallevus
815 2141 933 2229 enim,
944 2140 1057 2214 Gaius
1072 2142 1260 2235 Patricius,

195 2261 334 2332 Marius
350 2260 508 2348 Suenus,
530 2259 745 2347 Elnocinus,
758 2257 940 2331 Archillus
964 2275 1000 2332 et
1021 2274 1181 2360 quatuor
1198 2260 1260 2343 lilii

194 2378 316 2452 Karoli
348 2376 571 2477 antesignani
599 2391 728 2464 erant,
759 2355 796 2450 et
821 2377 939 2450 Dauos
966 2375 1262 2479 Northvvigcnes·

195 2521 265 2597 que
288 2493 550 2594 praecedebant.
574 2493 762 2565 Castellani
785 2491 929 2568 obviam
950 2494 999 2566 eis
1025 2494 1261 2571 inconsultiut

196 2627 349 2699 exeunt,
371 2626 407 2684 et
429 2611 524 2683 intra
541 2607 642 2681 urbis
665 2609 802 2682 moenia
828 2608 1021 2682 infeliciter
1043 2610 1258 2713 confligunt.

195 2729 278 2802 Non
292 2728 449 2802 valentes
466 2728 630 2800 resistere
645 2725 893 2815 multitudini,
913 2751 1038 2800 omnes
1054 2741 1117 2799 aut
1133 2728 1261 2803 interi·

195 2861 360 2932 muntur,
378 2862 440 2916 aut
458 2845 662 2943 capiuntur.
688 2842 837 2917 Castella
854 2842 1008 2918 desolata
1030 2860 1170 2942 patent.
1196 2846 1260 2923 Se·

195 2990 285 3037 curo
302 2964 375 3064 regi
398 2989 495 3035 casus
516 2987 665 3035 suorum
684 2962 887 3050 nuntiatur,
908 2959 1116 3035 terribilitas
1138 2963 1260 3039 homi·

194 3106 284 3155 num
305 3083 419 3179 major
445 3105 553 3179 quam
579 3080 625 3152 sit
647 3078 888 3178 amplificante
910 3078 1002 3152 fama
1024 3080 1198 3171 refertur,
1223 3093 1258 3155 et

192 3197 291 3298 quod
311 3223 394 3270 cum
416 3198 493 3295 ipso
513 3196 716 3269 dimicaturi
740 3196 964 3271 confidenter
985 3196 1255 3295 praestolentur.

192 3317 268 3388 Rex
292 3339 378 3414 ergo
403 3329 475 3385 tam
500 3312 626 3386 dolore
652 3338 760 3412 quam
787 3314 838 3384 ira
863 3309 1125 3401 conturbatur,
1151 3313 1257 3388 acad

192 3434 309 3507 hostes
327 3457 409 3505 cum
424 3433 584 3505 exercitu
600 3457 793 3530 properare
805 3445 969 3503 conatur.
988 3430 1042 3502 llli
1058 3455 1145 3504 vero
1156 3446 1256 3506 metu

192 3550 310 3651 magni
339 3547 523 3623 bellatoris
551 3549 588 3620 in
613 3547 814 3621 Humbram
838 3547 1049 3646 aufugiunt,
1079 3561 1115 3621 et
1142 3549 1253 3649 ripae,

191 3692 274 3766 quae
290 3666 487 3739 Lindissem
504 3667 558 3763 (3)
576 3665 739 3766 attingit,
760 3665 953 3765 applicant.
973 3667 1050 3763 lpse
1067 3664 1153 3738 illuc
1174 3692 1256 3739 cum

225 3909 234 3975 (
241 3909 263 3976 ι)
282 3908 318 3959 La
328 3905 400 3960 soret
413 3903 447 3958 dc
460 3905 551 3971 Desa,
565 3903 633 3958 dans
645 3904 670 3959 le
683 3905 774 3959 comte
789 3902 824 3957 de
834 3902 987 3970 Glocester‚
1002 3903 1065 3975 pres
1076 3901 1112 3957 dc
1123 3901 1150 3957 la
1168 3904 1254 3977 petite

192 3993 253 4048 ville
265 3994 299 4049 de
313 3991 510 4047 Mitchcldcan.

225 4085 263 4151 (a)
282 4082 373 4154 Edgar
385 4080 528 4154 Athcling.

226 4170 262 4242 (5)
283 4174 318 4226 lc
332 4171 458 4242 Lindsey‚
471 4171 586 4226 division
601 4170 639 4227 du
653 4167 855 4235 Lincolnshire,
871 4185 906 4221 au
916 4166 984 4223 midi
995 4166 1029 4222 dc
1041 4165 1200 4224 l'Humber.
