2910 4980
191 438 299 515 [1070]
355 463 359 469 ’
550 436 666 497 LIBER
686 435 879 525 Quintus,
1195 439 1252 499 231

193 571 251 627 tus
264 555 383 655 magui
397 579 461 653 per
474 553 551 628 loca
566 569 602 628 et
613 555 826 653 pestilentia
838 570 874 629 et
886 554 996 631 fumes
1004 583 1015 644 ς
1032 570 1256 655 terroresque

191 672 237 749 tle
254 673 370 762 coelo,
388 687 426 746 et
441 671 539 771 signa
559 698 686 772 magna
704 689 814 747 erunt
831 673 887 770 (1)
904 703 912 744 z

336 824 472 914 bladium
481 861 635 914 innumeris
645 862 782 930 premitur
791 862 831 914 sic
842 860 949 933 jugiter
960 859 1043 914 orbis.

240 966 314 1077 liis
327 1021 361 1075 et
373 1004 494 1077 multis
507 1002 764 1105 hujuscemodi
774 1004 950 1078 rotatibus
962 1007 1003 1078 in
1018 1003 1120 1077 rebus
1133 1003 1259 1075 buma-

192 1122 251 1194 nis
272 1120 422 1194 solerter
442 1123 632 1223 inspectis,
658 1130 733 1195 non
757 1126 795 1195 in
817 1149 856 1196 se
876 1123 1054 1222 glorietur
1075 1124 1194 1195 victor
1214 1121 1260 1193 de

193 1238 301 1311 ruina
320 1241 503 1342 comparis
507 1270 524 1326 ,·
551 1240 641 1338 qaia
657 1264 724 1312 nee
742 1242 820 1339 ipse
836 1238 966 1327 stabit,
989 1240 1062 1311 nisi
1082 1254 1259 1338 quantum

185 1355 339 1456 jusserit
351 1355 543 1458 dispositio
549 1357 762 1471 funditoris.
779 1357 1053 1431 Conuersionem
1066 1356 1259 1428 locutionis

190 1496 280 1543 mere
292 1497 392 1544 nunc
406 1472 462 1543 ad
473 1489 518 1563 te,
534 1498 557 1545 o
569 1499 648 1562 rea,
656 1470 810 1573 sociam
816 1507 832 1561 ;
847 1501 959 1574 quam
972 1490 1010 1545 tu
1020 1472 1178 1573 (quasa)
1193 1471 1261 1543 tibi

190 1588 391 1688 benigniter
405 1589 556 1664 haurias
571 1607 726 1693 propter
741 1592 894 1666 salutem
912 1609 1099 1664 aternam.
1121 1588 1257 1664 Nullus

184 1721 337 1808 patrum
365 1722 508 1781 tuorum
534 1725 617 1781 ante
645 1725 679 1781 te
706 1709 829 1808 regale
855 1726 1007 1783 stemma
1027 1709 1163 1807 gessit,
1191 1732 1258 1779 nec

190 1800 516 1925 luereditaridp'ure
533 1841 673 1898 tanturn
687 1824 799 1899 decus
814 1825 880 1899 tibi
889 1829 1070 1926 prouenit,
1090 1823 1158 1898 sed
1166 1850 1257 1922 gra-

191 1946 284 2016 tuita
295 1941 488 2041 largitione
498 1945 751 2047 omnipotentis
762 1945 845 2035 Dei,
858 1960 892 2016 et
904 1943 1070 2018 amicitia
1081 1939 1259 2016 Eduardi

190 2063 452 2158 consanguinei
470 2061 536 2133 tui.
555 2059 733 2159 Edgarus
748 2058 953 2155 Adelinus,
977 2058 1112 2156 aliique
1131 2054 1256 2155 plures

189 2202 238 2247 ea
253 2174 354 2249 linea
371 2176 508 2275 regalis
524 2180 716 2281 prosapia
733 2178 824 2266 orti,
842 2174 1041 2249 secundum
1058 2173 1156 2273 leges
1173 2172 1256 2244 He-

189 2290 369 2363 braeorum
380 2290 609 2392 aliarumque
617 2294 783 2392 gentium
791 2291 1075 2393 propinquiores
1088 2305 1172 2362 sunt
1184 2287 1256 2359 lue·

188 2407 292 2479 redes
309 2406 531 2481 diadematis
545 2408 711 2508 Anglioi.
730 2408 815 2481 Illis
832 2408 1003 2481 nimirum
1019 2406 1162 2480 remotis
1177 2431 1256 2480 sors

188 2523 255 2597 tibi
270 2529 377 2598 cessit
384 2529 627 2626 provectionis
636 2561 651 2612 ;
671 2528 739 2600 sed
755 2528 828 2601 Dei
834 2526 1022 2628 judicium
1038 2541 1173 2624 quanto
1190 2550 1255 2596 oc-

189 2636 344 2730 cultius,
365 2656 462 2712 tanto
480 2641 672 2715 terribilius
691 2646 852 2715 imminet
873 2642 939 2714 tibi
960 2640 1014 2713 ad
1029 2639 1256 2713 reddendam

188 2757 369 2829 rationem
397 2763 596 2832 commissas
621 2759 873 2833 villicationis.
903 2759 998 2832 Hac
1025 2757 1181 2856 benigno
1208 2783 1257 2829 er

189 2871 300 2946 corde
317 2872 532 2946 sublimitati
549 2891 676 2947 vestroe
700 2875 842 2949 loeutus
860 2903 940 2949 sum
949 2928 960 2964 ,
986 2872 1171 2946 humiliter
1188 2872 1257 2944 de-

186 2994 343 3089 poscens
359 3005 397 3061 ut
413 3016 514 3062 mens
529 3006 651 3063 vestra
672 3017 812 3093 semper
826 2993 873 3065 sit
893 3017 1029 3066 numor
1047 2991 1258 3063 nouissimo-

192 3130 293 3194 rum,
307 3131 375 3179 nec
385 3132 452 3179 uos
468 3109 577 3179 nimis
590 3107 752 3209 implicet
763 3111 987 3210 prosperitas
1000 3108 1256 3211 presentium,

192 3246 304 3321 quam
318 3224 424 3321 sequi
439 3222 531 3297 solet
547 3225 783 3299 intolerabilis
799 3224 916 3314 dolor,
938 3241 973 3297 et
993 3226 1120 3320 ingens
1138 3222 1258 3295 luctus

193 3362 239 3409 oc
257 3326 400 3447 addin
408 3328 583 3445 itidem·
605 3340 746 3413 Gratiae
762 3342 836 3414 Dei
855 3367 922 3414 nos
944 3358 978 3413 et
994 3342 1135 3415 amicos
1151 3355 1261 3439 atque

184 3446 318 3552 fideles
335 3436 471 3531 uestris
484 3457 716 3548 commendo,
731 3458 1068 3557 Nomtanniamque
1084 3482 1168 3530 cum
1183 3480 1261 3528 ues-

197 3583 251 3643 tra
260 3570 410 3643 licentia
416 3572 534 3645 redire
540 3574 711 3677 dispono,
721 3590 756 3646 et
761 3577 923 3675 opimam
929 3573 1085 3673 Anglioe
1091 3570 1263 3675 praedam

197 3684 421 3758 amatoribus
433 3686 561 3760 mundi
571 3689 682 3789 quasi
692 3688 912 3789 quisquilias
924 3688 1145 3788 derelinquo.
1159 3685 1263 3759 Libe-

199 3824 276 3871 ram
290 3816 543 3902 paupertatem
560 3831 645 3878 amo
660 3804 807 3897 Christi,
823 3831 937 3906 quam
950 3807 1135 3878 Antonius
1148 3820 1182 3874 et
1196 3803 1266 3875 Be-

200 3913 581 4023 nedictus-amplexati
591 3939 694 4012 sunt,
708 3923 827 4020 magis
840 3949 951 4022 quam
962 3922 1108 3995 divitias
1121 3918 1263 4008 mundi,

235 4186 434 4257 (1)Lue‚m,
454 4209 493 4245 ¹¹·
