2910 4980
194 474 253 537 alt
467 474 652 536 HISTORIA
673 473 976 536 ncctnslus‘nct

192 594 407 667 latinitatem
423 592 603 694 divulgata
619 609 672 668 est
681 647 692 682 ,
722 610 760 667 et
782 609 928 668 nectare
944 593 1054 670 bonas
1075 594 1262 694 opinionis

193 712 267 808 ejus
283 708 515 784 occidentalis
530 709 674 784 ecclesia
689 708 863 784 nobiliter
874 709 1034 784 debriata
1048 724 1115 785 est.
1132 712 1263 814 lugens

193 831 230 901 in
245 827 389 902 ecclesia
407 829 573 902 Beccensi
590 827 793 903 liberalium
809 828 943 902 artium
957 844 995 904 et
1008 854 1118 903 sacrae
1133 829 1262 904 lectio-

193 941 421 1018 nis-sedimen
434 970 501 1041 per
514 943 758 1018 Lanfrnneum
771 945 907 1044 coepit,
919 960 960 1043 et
974 968 1039 1044 per
1049 943 1261 1019 Anselmnm

192 1058 382 1160 magnifice
399 1062 534 1152 crevit,
561 1079 604 1135 ut
623 1060 707 1135 inde
730 1061 851 1161 plures
872 1063 1111 1160 procederent
1126 1064 1261 1168 egregii

192 1176 358 1252 doctores
375 1191 412 1249 et
426 1176 568 1275 providi
588 1195 708 1251 nautae
725 1204 765 1250 ac
785 1179 987 1277 spirituales
1004 1181 1156 1281 aurigae,
1179 1181 1260 1281 qni·

192 1291 260 1367 bus
288 1294 333 1367 ad
362 1294 560 1394 regendum
591 1295 629 1368 in
661 1294 765 1394 hujus
792 1295 912 1368 saeculi
944 1295 1057 1370 stadio
1085 1296 1261 1371 divinitus

192 1407 341 1484 habenae
354 1412 554 1484 commissae
565 1411 831 1485 suntEcclesiae
848 1414 919 1511 (1).
941 1414 1000 1486 Sic
1011 1439 1056 1486 ex
1073 1411 1175 1489 bono
1193 1438 1260 1486 usn

192 1531 231 1602 in
247 1545 388 1602 tautum
406 1534 593 1603 Beccenses
606 1529 803 1605 coenobitae
815 1532 943 1605 studiis
956 1532 1159 1606 litterarum
1173 1548 1259 1606 sunt

191 1645 323 1735 dediti,
343 1661 381 1721 et
394 1648 432 1720 iu
446 1649 647 1753 quaestione
663 1674 726 1722 seu
736 1635 941 1747 prolatione
952 1674 1138 1733 sacrorum
1150 1649 1260 1751 aenig-

187 1780 331 1853 matum
348 1764 535 1838 utiliumve
552 1791 759 1838 sermonum
776 1767 948 1839 insistunt
964 1765 1095 1854 seduli,
1107 1783 1149 1840 ut
1166 1792 1260 1866 pene

89 1901 92 1907 '
167 1926 171 1935 ·
191 1907 317 1957 omnes
327 1881 516 1956 videantur
527 1880 753 1982 pbilosophi;
769 1900 809 1960 et
819 1910 862 1957 ex
875 1884 1120 1957 collocutione
1130 1908 1259 1957 eorum

192 2002 300 2075 etiam
323 2001 385 2102 qui
408 2001 577 2075 videntur
605 2002 700 2074 iuter
725 2028 785 2075 eos
814 2001 995 2088 illiterati,
1022 2016 1059 2075 et
1082 2016 1260 2073 vocantur

192 2117 340 2206 rustici,
376 2117 515 2215 possint
545 2117 700 2191 ediscere
732 2114 800 2188 sibi
836 2116 1023 2191 commoda
1053 2129 1260 2215 spumantes

191 2235 430 2335 grammatici.
454 2232 674 2307 Allabilitate
690 2250 813 2306 mutua
838 2251 875 2307 et
895 2234 1053 2306 caritatis
1070 2231 1260 2305 dulcedine

194 2354 232 2424 in
253 2350 400 2425 Domini
418 2350 520 2424 cultu
533 2351 708 2451 gaudent,
726 2368 763 2425 et
778 2350 992 2452 infatigabili
1008 2351 1203 2453 religione,
1219 2364 1262 2422 ut

190 2498 274 2544 vera
285 2469 390 2545 docet
407 2495 467 2544 eos
480 2471 669 2569 sapientia,
685 2470 838 2568 pollent.
857 2471 908 2543 De
919 2468 1161 2568 hospitalitate
1175 2470 1261 2542 Bec-

193 2590 355 2663 censium
370 2588 585 2662 sufficienter
605 2587 724 2689 eloqui
745 2613 899 2689 nequeo.
923 2587 1140 2688 Interrogati
1164 2588 1261 2659 Bur-

192 2705 394 2807 gundiones
411 2720 447 2778 et
466 2704 638 2803 Hispani,
661 2703 792 2804 aliique
808 2704 853 2777 de
874 2703 980 2803 longe
1003 2703 1126 2776 sende
1147 2726 1263 2801 prope

194 2822 426 2894 adventantes
441 2820 699 2919 respondeant,
716 2836 752 2893 et
766 2837 897 2921 quanta
915 2819 1139 2923 benignitate
1154 2818 1202 2892 ab
1214 2820 1264 2895 eis

194 2941 349 3038 suscepti
364 2938 520 3021 fuerint,
538 2940 615 3012 sine
633 2938 758 3014 frande
773 2939 980 3039 proferant,
999 2964 1132 3041 eosque
1152 2939 1192 3012 in
1214 2941 1265 3011 si-

195 3054 342 3129 milibus
365 3056 497 3128 imitari
520 3052 597 3130 sine
615 3054 763 3129 fictione
781 3072 953 3158 satagant.
972 3058 1084 3128 lanua
1101 3056 1264 3129 Beccen-

195 3176 290 3247 sium
305 3189 404 3274 patet
419 3174 519 3246 omni
536 3173 684 3261 viatori,
703 3198 902 3272 eorumque
920 3174 1020 3273 panis
1037 3171 1129 3245 nulli
1147 3166 1262 3245 dene-

194 3307 300 3392 gatur
333 3291 517 3364 caritative
547 3291 700 3390 petenti.
729 3291 776 3362 Et
805 3289 892 3391 quid
921 3290 1024 3390 plura
1054 3289 1098 3362 de
1129 3288 1261 3364 eisdem

196 3404 348 3508 loquar?
365 3407 464 3505 lpsos
482 3408 518 3479 in
538 3404 644 3480 bonis
661 3420 925 3503 perseverantes
946 3406 1141 3496 custodiat,
1162 3419 1200 3478 et
1218 3404 1261 3476 ad

195 3542 343 3623 portum
361 3523 484 3597 salutis
499 3523 701 3598 incolumes
715 3524 905 3622 perducat,
920 3525 983 3622 qui
1001 3524 1110 3623 gratis
1125 3523 1258 3622 coepit,

194 3642 403 3739 peragitque
419 3638 559 3712 bonum
576 3636 674 3738 quod
693 3639 731 3711 in
749 3640 797 3711 eis
815 3637 998 3711 coruscat!

198 3854 433 3865 h—--—--—-—-.
443 3854 806 3863 ...φ-*ω*-

232 3983 269 4051 (1)
288 3981 367 4035 Saint
380 3975 522 4043 Ausoniae,
537 3976 607 4031 abbe
625 3975 664 4029 du
684 3977 736 4031 Bec
752 3975 868 4050 (1079-(5
885 3994 958 4029 mars
979 3974 1073 4050 1095),
1093 3979 1161 4031 etait
1174 3979 1261 4051 origi-

198 4072 274 4123 naire
285 4069 397 4123 d'Aoste
408 4087 443 4121 en
452 4068 590 4122 Piemont.
602 4065 673 4133 (Sur
682 4082 724 4120 ses
733 4083 875 4138 ouvrages,
887 4083 968 4138 voyez
981 4066 1120 4120 l'Histoire
1130 4069 1262 4123 litteratae

199 4157 233 4211 de
255 4156 375 4223 France,
397 4167 419 4211 t.
441 4160 485 4224 u).
505 4153 667 4212 Guillaume
679 4154 714 4209 de
733 4155 883 4221 Montiort,
905 4172 954 4208 son
977 4173 1134 4210 successeur
1147 4156 1180 4226 (a
1198 4155 1263 4211 aoitt

203 4247 318 4320 roql-tb
331 4246 397 4300 avril
415 4246 505 4312 und);
522 4245 609 4299 anou
623 4246 632 4311 (
638 4265 646 4298 1
656 4247 751 4310 rad-nl
758 4244 821 4315 juin
836 4241 921 4315 1136).
