2910 4980
197 443 256 502 106
471 436 656 501 HISTORIA
675 437 978 507 Ecctttsltsrtct.
1064 444 1157 518 [unca
1168 446 1261 523 1063]

243 560 313 641 lX.
323 556 503 631 Ernaldus
511 557 557 632 de
567 556 761 649 musio,
772 557 956 635 Willermi
967 558 1138 635 Geroiani
1148 561 1259 654 litim,

194 691 387 776 postquam
407 673 452 749 de
470 673 602 774 Apulia
625 700 796 775 prospere
818 676 1009 764 remeavit,
1024 676 1262 755 Willermnm

195 789 323 865 ducem
343 788 450 879 adiit,
472 790 577 890 eique
597 791 893 889 preciosissimam
909 792 1042 891 pallam
1061 808 1261 891 presenta-

194 908 266 995 vit,
288 932 459 1007 suamque
478 905 525 981 ab
550 908 629 1007 ipso
654 907 841 983 humiliter
867 908 1113 985 haereditatem
1138 912 1260 1013 mqui-

195 1021 313 1097 sivit·.¹
328 1022 409 1095 Dux
442 1037 564 1099 autem
597 1024 826 1099 considerans
857 1024 1085 1099 nobilitatem
1120 1027 1190 1099 viri
1223 1042 1262 1103 et

196 1143 378 1243 ingentem
404 1139 641 1240 probitatem,
663 1141 895 1241 recolensque
915 1167 1016 1215 snam
1040 1157 1168 1217 contra
1194 1142 1260 1219 Ce-

195 1284 398 1339 nomannos
410 1275 447 1332 et
460 1258 642 1347 Britones,
654 1259 813 1361 aliosque
826 1256 895 1330 sibi
910 1259 1113 1333 resistentes
1125 1258 1261 1359 probo-

194 1402 278 1449 rum
294 1375 454 1449 militum
467 1377 700 1475 paucitatem,
713 1378 789 1475 jam
802 1374 921 1449 lenior
933 1374 1079 1449 effectus
1095 1376 1128 1449 ei
1142 1390 1260 1457 reatus

194 1490 367 1577 indulsit,
387 1490 548 1592 datisque
567 1490 721 1565 induciis
742 1492 1003 1590 patrimonium
1021 1517 1128 1565 suum
1148 1490 1260 1575 soilli

194 1605 419 1681 redditurum
447 1609 664 1707 spopondit,
687 1624 724 1683 et
744 1608 920 1711 usquead
939 1624 1114 1683 statutum
1131 1609 1261 1685 sumt

195 1749 287 1797 num
311 1750 376 1822 per
406 1738 540 1799 terram
568 1752 670 1799 suam
698 1725 805 1800 eundi
838 1742 874 1800 et
906 1723 1077 1801 redeundi
1109 1722 1260 1799 libem

195 1839 423 1915 securitatem
448 1843 637 1917 concessit.
676 1842 855 1917 Ernaldus
887 1844 1007 1943 itaque
1039 1868 1127 1917 vana
1159 1840 1261 1917 ducis

193 1954 432 2053 promissione
460 1972 626 2057 percepta
655 1956 797 2031 loetatus
824 1972 903 2045 est,
938 1955 999 2029 sed
1028 1954 1185 2044 frustra,
1219 1971 1261 2031 nt

193 2070 303 2169 paulo
330 2087 414 2173 post
440 2071 674 2147 dilucidatum
703 2089 768 2147 est.
799 2073 892 2147 Nam
916 2070 1063 2147 Mobilis
1083 2070 1259 2147 'l'nlavacii

193 2184 265 2258 filia
290 2184 412 2261 lethali
436 2214 577 2263 veneno
598 2186 721 2263 cibum
742 2203 778 2262 et
793 2203 921 2287 potum
945 2185 1260 2287 infectueumque

192 2300 280 2375 dum
301 2300 346 2377 dc
368 2305 465 2377 curia
485 2304 585 2376 ducis
607 2304 647 2377 in
668 2303 822 2378 Galliam
841 2316 1037 2388 remearet,
1059 2300 1158 2375 refici
1178 2304 1260 2399 jus-

193 2415 240 2487 sit
245 2444 258 2504 3
273 2416 333 2489 sed
349 2415 400 2489 illi
415 2445 479 2517 per
491 2418 683 2518 quemdam
697 2419 853 2491 amicum
867 2443 971 2490 suum
986 2414 1059 2489 doli
1073 2415 1260 2491 conscium

193 2545 335 2602 tantum
349 2531 445 2604 nefas
464 2533 639 2606 innotuit.
652 2533 759 2607 Unde
771 2532 860 2606 dum
875 2531 970 2632 apud
985 2528 1201 2604 Escalloium
1216 2528 1261 2603 ad

193 2646 366 2746 quosdam
390 2649 521 2723 amicos
548 2675 630 2724 suos
656 2648 937 2746 colloqueretur,
965 2662 1001 2721 et
1024 2674 1045 2719 a
1067 2642 1260 2721 clientibus

193 2761 353 2861 praelatae
373 2763 533 2836 mulieris
548 2763 592 2836 ud
610 2763 817 2839 convivium
832 2788 914 2836 cum
930 2788 1067 2835 summa
1083 2785 1190 2860 prece
1207 2761 1261 2833 in-

192 2880 380 2967 vitaretur,
406 2905 546 2954 memor
565 2881 668 2953 amici
692 2876 861 2979 jussionis
886 2877 1091 2951 nullatenus
1111 2876 1260 2977 adquie-

193 2996 268 3085 vit,
295 2996 355 3069 sed
380 2998 532 3072 omnino
559 2996 682 3070 cibum
706 3013 744 3071 et
768 3013 918 3096 potum,
950 2995 987 3067 in
1016 3018 1091 3095 quo
1119 2992 1260 3069 letbnm

194 3113 306 3187 inesse
329 3115 532 3203 metuebat,
555 3114 768 3212 repudiavit.
785 3113 921 3189 Verum
942 3110 1165 3185 Gislebertus
1183 3110 1260 3185 frn-

193 3243 248 3301 ter
262 3230 406 3330 Rogerii
430 3228 474 3303 de
495 3230 843 3316 Monte-Comerici,
862 3229 925 3329 qui
949 3225 1164 3326 praedictum
1183 3225 1259 3297 Er-

193 3343 342 3417 naldum
364 3344 608 3438 conducebat,
627 3359 754 3444 utpote
771 3346 834 3445 qui
857 3344 999 3443 penitus
1022 3341 1095 3416 doli
1117 3341 1259 3415 nescius

192 3476 286 3548 erat,
307 3460 482 3562 scyphum
499 3462 652 3560 accepit,
671 3487 778 3561 super
793 3486 925 3559 equum
942 3456 1100 3532 residens
1115 3481 1259 3529 merum

191 3575 306 3666 bibit,
325 3595 361 3652 et
373 3605 513 3653 veneno
529 3580 682 3653 infectus
698 3577 791 3677 apud
808 3575 1064 3649 Raimalastum
1076 3573 1134 3670 (1)
1152 3572 1256 3645 tertia

191 3692 248 3766 die
272 3693 378 3769 obiit.
398 3697 458 3769 Sic
475 3696 608 3795 perfida
626 3695 756 3770 mulier
772 3694 859 3767 dum
875 3692 994 3765 mariti
1012 3693 1066 3764 sni
1085 3688 1259 3763 aemnlum

192 3813 400 3913 extinguere
420 3815 582 3913 putavit,
608 3814 728 3886 mariti
751 3812 803 3883 sui
826 3809 975 3881 unicum
996 3807 1166 3893 lintrem,
1192 3805 1257 3905 qni

192 3927 305 3998 multa
320 3926 505 4001 honestate
523 3929 560 4001 in
578 3929 682 4001 annis
697 3924 946 4000 adolescentiae
958 3938 995 3996 et
1007 3921 1162 4022 equestri
1177 3946 1259 4019 pro·

777 4097 998 4109 ...ι-...ι’-

229 4187 269 4257 (1)
287 4188 434 4245 Remalard
447 4191 558 4261 (Orno).
