<?xml version="1.0" encoding="UTF-8"?>
<!DOCTYPE html PUBLIC "-//W3C//DTD XHTML 1.0 Transitional//EN"
    "http://www.w3.org/TR/xhtml1/DTD/xhtml1-transitional.dtd">
<html xmlns="http://www.w3.org/1999/xhtml" xml:lang="en" lang="en">
 <head>
  <title>
</title>
<meta http-equiv="Content-Type" content="text/html;charset=utf-8" />
  <meta name='ocr-system' content='tesseract 3.04.00' />
  <meta name='ocr-capabilities' content='ocr_page ocr_carea ocr_par ocr_line ocrx_word'/>
</head>
<body>
  <div class='ocr_page' id='page_1' title='image "./ordericivitalis01deligoog_0169.png"; bbox 0 0 2926 4980; ppageno 0'>
   <div class='ocr_carea' id='block_1_1' title="bbox 204 426 1266 507">
    <p class='ocr_par' dir='ltr' id='par_1_1' title="bbox 204 426 1266 507">
     <span class='ocr_line' id='line_1_1' title="bbox 204 426 1266 507; baseline -0.002 -18"><span class='ocrx_word' id='word_1_1' title='bbox 204 432 263 492; x_wconf 73' lang='grc'><strong>156</strong></span> <span class='ocrx_word' id='word_1_2' title='bbox 478 427 668 489; x_wconf 73' lang='lat' dir='ltr'>HISTORIA.</span> <span class='ocrx_word' id='word_1_3' title='bbox 684 426 990 488; x_wconf 75' lang='lat' dir='ltr'>ECCLESIASTICA.</span> <span class='ocrx_word' id='word_1_4' title='bbox 1163 430 1266 507; x_wconf 86' lang='grc'><strong>[1066]</strong></span> 
     </span>
    </p>
   </div>
   <div class='ocr_carea' id='block_1_2' title="bbox 194 542 1273 3569">
    <p class='ocr_par' dir='ltr' id='par_1_2' title="bbox 198 542 1270 1582">
     <span class='ocr_line' id='line_1_2' title="bbox 252 542 1268 645; baseline -0.003 -25"><span class='ocrx_word' id='word_1_5' title='bbox 252 548 404 638; x_wconf 88' lang='lat' dir='ltr'><strong>Omnia,</strong></span> <span class='ocrx_word' id='word_1_6' title='bbox 423 546 637 645; x_wconf 82' lang='lat' dir='ltr'><strong>disponente</strong></span> <span class='ocrx_word' id='word_1_7' title='bbox 655 545 753 637; x_wconf 89' lang='lat' dir='ltr'><strong>Deo,</strong></span> <span class='ocrx_word' id='word_1_8' title='bbox 774 547 811 616; x_wconf 88' lang='lat' dir='ltr'><strong>in</strong></span> <span class='ocrx_word' id='word_1_9' title='bbox 829 544 944 644; x_wconf 88' lang='lat' dir='ltr'><strong>spatio</strong></span> <span class='ocrx_word' id='word_1_10' title='bbox 962 542 1074 615; x_wconf 91' lang='lat' dir='ltr'><strong>trium</strong></span> <span class='ocrx_word' id='word_1_11' title='bbox 1091 545 1268 617; x_wconf 88' lang='lat' dir='ltr'><strong>mensium</strong></span> 
     </span>
     <span class='ocr_line' id='line_1_3' title="bbox 202 657 1269 762; baseline -0.003 -28"><span class='ocrx_word' id='word_1_12' title='bbox 202 688 267 760; x_wconf 87' lang='lat' dir='ltr'><strong>per</strong></span> <span class='ocrx_word' id='word_1_13' title='bbox 280 661 446 762; x_wconf 81' lang='lat' dir='ltr'><strong>Angliam</strong></span> <span class='ocrx_word' id='word_1_14' title='bbox 464 676 585 759; x_wconf 86' lang='lat' dir='ltr'><strong>pacata</strong></span> <span class='ocrx_word' id='word_1_15' title='bbox 601 675 706 748; x_wconf 88' lang='lat' dir='ltr'><strong>sunt,</strong></span> <span class='ocrx_word' id='word_1_16' title='bbox 726 660 921 759; x_wconf 88' lang='lat' dir='ltr'><strong>cunctique</strong></span> <span class='ocrx_word' id='word_1_17' title='bbox 936 657 1105 756; x_wconf 84' lang='lat' dir='ltr'><strong>proesules</strong></span> <span class='ocrx_word' id='word_1_18' title='bbox 1114 711 1125 746; x_wconf 96' lang='lat'><strong>,</strong></span> <span class='ocrx_word' id='word_1_19' title='bbox 1144 659 1269 759; x_wconf 84' lang='lat' dir='ltr'><strong>regni·</strong></span> 
     </span>
     <span class='ocr_line' id='line_1_4' title="bbox 201 775 1268 878; baseline -0.001 -26"><span class='ocrx_word' id='word_1_20' title='bbox 201 805 273 878; x_wconf 87' lang='lat' dir='ltr'><strong>quc</strong></span> <span class='ocrx_word' id='word_1_21' title='bbox 287 804 455 878; x_wconf 85' lang='lat' dir='ltr'><strong>proceres</strong></span> <span class='ocrx_word' id='word_1_22' title='bbox 472 804 555 850; x_wconf 91' lang='lat' dir='ltr'><strong>cum</strong></span> <span class='ocrx_word' id='word_1_23' title='bbox 567 776 763 852; x_wconf 90' lang='lat' dir='ltr'><strong>Guillelmo</strong></span> <span class='ocrx_word' id='word_1_24' title='bbox 779 776 1010 851; x_wconf 79' lang='lat' dir='ltr'><strong>concordiam</strong></span> <span class='ocrx_word' id='word_1_25' title='bbox 1024 775 1213 865; x_wconf 84' lang='lat' dir='ltr'><strong>fecerunt,</strong></span> <span class='ocrx_word' id='word_1_26' title='bbox 1229 803 1268 851; x_wconf 87' lang='lat' dir='ltr'><strong>ac</strong></span> 
     </span>
     <span class='ocr_line' id='line_1_5' title="bbox 201 893 1269 995; baseline 0.002 -30"><span class='ocrx_word' id='word_1_27' title='bbox 201 908 244 965; x_wconf 88' lang='lat' dir='ltr'><strong>ut</strong></span> <span class='ocrx_word' id='word_1_28' title='bbox 260 893 420 967; x_wconf 85' lang='lat' dir='ltr'><strong>diadema</strong></span> <span class='ocrx_word' id='word_1_29' title='bbox 437 895 577 995; x_wconf 90' lang='lat' dir='ltr'><strong>regium</strong></span> <span class='ocrx_word' id='word_1_30' title='bbox 596 908 754 968; x_wconf 78' lang='lat' dir='ltr'><strong>sumeret</strong></span> <span class='ocrx_word' id='word_1_31' title='bbox 770 895 884 992; x_wconf 92' lang='lat' dir='ltr'><strong>(sicut</strong></span> <span class='ocrx_word' id='word_1_32' title='bbox 902 918 979 968; x_wconf 92' lang='lat' dir='ltr'><strong>mos</strong></span> <span class='ocrx_word' id='word_1_33' title='bbox 996 893 1139 993; x_wconf 86' lang='lat' dir='ltr'><strong>Anglici</strong></span> <span class='ocrx_word' id='word_1_34' title='bbox 1162 893 1269 992; x_wconf 84' lang='lat' dir='ltr'><strong>prin-</strong></span> 
     </span>
     <span class='ocr_line' id='line_1_6' title="bbox 201 1008 1270 1113; baseline 0 -30"><span class='ocrx_word' id='word_1_35' title='bbox 201 1011 340 1110; x_wconf 79' lang='lat' dir='ltr'><strong>cipatus</strong></span> <span class='ocrx_word' id='word_1_36' title='bbox 355 1013 489 1112; x_wconf 79' lang='lat' dir='ltr'>exigit)</span> <span class='ocrx_word' id='word_1_37' title='bbox 502 1026 710 1087; x_wconf 85' lang='lat' dir='ltr'><strong>oraverunt.</strong></span> <span class='ocrx_word' id='word_1_38' title='bbox 727 1015 805 1086; x_wconf 90' lang='lat' dir='ltr'><strong>Hoc</strong></span> <span class='ocrx_word' id='word_1_39' title='bbox 820 1037 1047 1111; x_wconf 86' lang='lat' dir='ltr'><strong>summopere</strong></span> <span class='ocrx_word' id='word_1_40' title='bbox 1060 1008 1270 1113; x_wconf 74' lang='lat' dir='ltr'><strong>flagitabunt</strong></span> 
     </span>
     <span class='ocr_line' id='line_1_7' title="bbox 200 1126 1270 1230; baseline 0.002 -30"><span class='ocrx_word' id='word_1_41' title='bbox 200 1128 424 1218; x_wconf 85' lang='lat' dir='ltr'><strong>Normanni,</strong></span> <span class='ocrx_word' id='word_1_42' title='bbox 440 1131 503 1230; x_wconf 85' lang='lat' dir='ltr'><strong>qui</strong></span> <span class='ocrx_word' id='word_1_43' title='bbox 520 1155 588 1228; x_wconf 93' lang='lat' dir='ltr'><strong>pro</strong></span> <span class='ocrx_word' id='word_1_44' title='bbox 604 1128 697 1204; x_wconf 87' lang='lat' dir='ltr'><strong>fasce</strong></span> <span class='ocrx_word' id='word_1_45' title='bbox 709 1129 817 1229; x_wconf 85' lang='lat' dir='ltr'><strong>regali</strong></span> <span class='ocrx_word' id='word_1_46' title='bbox 835 1126 1075 1203; x_wconf 89' lang='lat' dir='ltr'><strong>nanciscendo</strong></span> <span class='ocrx_word' id='word_1_47' title='bbox 1087 1153 1155 1201; x_wconf 91' lang='lat' dir='ltr'><strong>suo</strong></span> <span class='ocrx_word' id='word_1_48' title='bbox 1170 1128 1270 1228; x_wconf 90' lang='lat' dir='ltr'><strong>prin·</strong></span> 
     </span>
     <span class='ocr_line' id='line_1_8' title="bbox 200 1243 1269 1347; baseline 0.004 -32"><span class='ocrx_word' id='word_1_49' title='bbox 200 1243 478 1343; x_wconf 70' lang='lat' dir='ltr'><strong>cipi‘subierunt</strong></span> <span class='ocrx_word' id='word_1_50' title='bbox 494 1246 620 1347; x_wconf 89' lang='lat' dir='ltr'><strong>ingens</strong></span> <span class='ocrx_word' id='word_1_51' title='bbox 638 1247 830 1320; x_wconf 82' lang='lat' dir='ltr'><strong>discrimen</strong></span> <span class='ocrx_word' id='word_1_52' title='bbox 849 1246 958 1318; x_wconf 86' lang='lat' dir='ltr'><strong>maris</strong></span> <span class='ocrx_word' id='word_1_53' title='bbox 979 1260 1016 1319; x_wconf 88' lang='lat' dir='ltr'><strong>et</strong></span> <span class='ocrx_word' id='word_1_54' title='bbox 1040 1245 1171 1344; x_wconf 85' lang='lat' dir='ltr'><strong>praelii.</strong></span> <span class='ocrx_word' id='word_1_55' title='bbox 1192 1246 1269 1319; x_wconf 88' lang='lat' dir='ltr'><strong>lloc</strong></span> 
     </span>
     <span class='ocr_line' id='line_1_9' title="bbox 199 1361 1265 1464; baseline 0 -30"><span class='ocrx_word' id='word_1_56' title='bbox 199 1362 308 1435; x_wconf 89' lang='lat' dir='ltr'><strong>etiam</strong></span> <span class='ocrx_word' id='word_1_57' title='bbox 325 1361 451 1436; x_wconf 86' lang='lat' dir='ltr'><strong>divino</strong></span> <span class='ocrx_word' id='word_1_58' title='bbox 472 1380 567 1436; x_wconf 87' lang='lat' dir='ltr'><strong>nutu</strong></span> <span class='ocrx_word' id='word_1_59' title='bbox 584 1362 721 1437; x_wconf 79' lang='lat' dir='ltr'><strong>subacti</strong></span> <span class='ocrx_word' id='word_1_60' title='bbox 740 1363 917 1463; x_wconf 82' lang='lat' dir='ltr'><strong>optabant</strong></span> <span class='ocrx_word' id='word_1_61' title='bbox 938 1363 1118 1464; x_wconf 70' lang='lat' dir='ltr'><strong>indigenae</strong></span> <span class='ocrx_word' id='word_1_62' title='bbox 1140 1361 1265 1463; x_wconf 86' lang='lat' dir='ltr'><strong>regni,</strong></span> 
     </span>
     <span class='ocr_line' id='line_1_10' title="bbox 198 1479 1264 1582; baseline 0.002 -31"><span class='ocrx_word' id='word_1_63' title='bbox 198 1479 262 1579; x_wconf 91' lang='lat' dir='ltr'><strong>qui</strong></span> <span class='ocrx_word' id='word_1_64' title='bbox 286 1480 355 1551; x_wconf 90' lang='lat' dir='ltr'><strong>nisi</strong></span> <span class='ocrx_word' id='word_1_65' title='bbox 381 1497 557 1555; x_wconf 88' lang='lat' dir='ltr'><strong>coronato</strong></span> <span class='ocrx_word' id='word_1_66' title='bbox 575 1481 651 1582; x_wconf 89' lang='lat' dir='ltr'><strong>regi</strong></span> <span class='ocrx_word' id='word_1_67' title='bbox 674 1483 809 1555; x_wconf 82' lang='lat' dir='ltr'><strong>servire</strong></span> <span class='ocrx_word' id='word_1_68' title='bbox 832 1479 1002 1555; x_wconf 82' lang='lat' dir='ltr'><strong>hactenus</strong></span> <span class='ocrx_word' id='word_1_69' title='bbox 1026 1496 1131 1554; x_wconf 88' lang='lat' dir='ltr'><strong>erant</strong></span> <span class='ocrx_word' id='word_1_70' title='bbox 1152 1479 1264 1555; x_wconf 90' lang='lat' dir='ltr'><strong>soliti.</strong></span> 
     </span>
    </p>

    <p class='ocr_par' dir='ltr' id='par_1_3' title="bbox 195 1596 1267 2401">
     <span class='ocr_line' id='line_1_11' title="bbox 246 1596 1266 1698; baseline 0.002 -30"><span class='ocrx_word' id='word_1_71' title='bbox 246 1598 300 1670; x_wconf 91' lang='lat' dir='ltr'><strong>Eo</strong></span> <span class='ocrx_word' id='word_1_72' title='bbox 317 1613 480 1696; x_wconf 87' lang='lat' dir='ltr'><strong>temporo</strong></span> <span class='ocrx_word' id='word_1_73' title='bbox 499 1598 696 1675; x_wconf 85' lang='lat' dir='ltr'><strong>Adelredus</strong></span> <span class='ocrx_word' id='word_1_74' title='bbox 714 1601 771 1698; x_wconf 88' lang='lat'><strong>(1)</strong></span> <span class='ocrx_word' id='word_1_75' title='bbox 791 1598 1028 1673; x_wconf 85' lang='lat' dir='ltr'><strong>Eboracensis</strong></span> <span class='ocrx_word' id='word_1_76' title='bbox 1049 1596 1266 1698; x_wconf 86' lang='lat' dir='ltr'><strong>metropoli·</strong></span> 
     </span>
     <span class='ocr_line' id='line_1_12' title="bbox 199 1715 1266 1816; baseline 0.005 -35"><span class='ocrx_word' id='word_1_77' title='bbox 199 1728 303 1785; x_wconf 86' lang='lat' dir='ltr'><strong>tanus</strong></span> <span class='ocrx_word' id='word_1_78' title='bbox 317 1725 406 1787; x_wconf 84' lang='lat' dir='ltr'><strong>erat.</strong></span> <span class='ocrx_word' id='word_1_79' title='bbox 425 1715 493 1788; x_wconf 93' lang='lat' dir='ltr'><strong>Hic</strong></span> <span class='ocrx_word' id='word_1_80' title='bbox 509 1717 716 1816; x_wconf 85' lang='lat' dir='ltr'><strong>aequitatem</strong></span> <span class='ocrx_word' id='word_1_81' title='bbox 731 1716 832 1789; x_wconf 83' lang='lat' dir='ltr'><strong>valde</strong></span> <span class='ocrx_word' id='word_1_82' title='bbox 847 1742 981 1805; x_wconf 91' lang='lat' dir='ltr'><strong>amans,</strong></span> <span class='ocrx_word' id='word_1_83' title='bbox 997 1740 1076 1789; x_wconf 85' lang='lat' dir='ltr'><strong>aevo</strong></span> <span class='ocrx_word' id='word_1_84' title='bbox 1089 1730 1266 1807; x_wconf 88' lang='lat' dir='ltr'><strong>maturus,</strong></span> 
     </span>
     <span class='ocr_line' id='line_1_13' title="bbox 197 1829 1264 1933; baseline 0.003 -33"><span class='ocrx_word' id='word_1_85' title='bbox 197 1830 353 1928; x_wconf 85' lang='lat' dir='ltr'><strong>sapiens,</strong></span> <span class='ocrx_word' id='word_1_86' title='bbox 368 1829 487 1905; x_wconf 72' lang='lat' dir='ltr'><strong>boum</strong></span> <span class='ocrx_word' id='word_1_87' title='bbox 498 1847 536 1905; x_wconf 88' lang='lat' dir='ltr'><strong>et</strong></span> <span class='ocrx_word' id='word_1_88' title='bbox 546 1831 731 1933; x_wconf 90' lang='lat' dir='ltr'><strong>eloquens,</strong></span> <span class='ocrx_word' id='word_1_89' title='bbox 745 1832 870 1905; x_wconf 90' lang='lat' dir='ltr'><strong>multis</strong></span> <span class='ocrx_word' id='word_1_90' title='bbox 881 1831 1077 1905; x_wconf 87' lang='lat' dir='ltr'><strong>virtutibus</strong></span> <span class='ocrx_word' id='word_1_91' title='bbox 1089 1830 1264 1933; x_wconf 82' lang='lat' dir='ltr'><strong>fulgebat,</strong></span> 
     </span>
     <span class='ocr_line' id='line_1_14' title="bbox 197 1947 1266 2049; baseline 0.001 -31"><span class='ocrx_word' id='word_1_92' title='bbox 197 1962 235 2018; x_wconf 89' lang='lat' dir='ltr'><strong>et</strong></span> <span class='ocrx_word' id='word_1_93' title='bbox 250 1972 316 2044; x_wconf 90' lang='lat' dir='ltr'><strong>per</strong></span> <span class='ocrx_word' id='word_1_94' title='bbox 332 1948 476 2047; x_wconf 87' lang='lat' dir='ltr'><strong>vestigia</strong></span> <span class='ocrx_word' id='word_1_95' title='bbox 496 1965 642 2047; x_wconf 86' lang='lat' dir='ltr'><strong>patrum</strong></span> <span class='ocrx_word' id='word_1_96' title='bbox 658 1974 779 2049; x_wconf 88' lang='lat' dir='ltr'><strong>regem</strong></span> <span class='ocrx_word' id='word_1_97' title='bbox 796 1974 921 2047; x_wconf 89' lang='lat' dir='ltr'><strong>regum</strong></span> <span class='ocrx_word' id='word_1_98' title='bbox 940 1948 1038 2021; x_wconf 86' lang='lat' dir='ltr'><strong>adire</strong></span> <span class='ocrx_word' id='word_1_99' title='bbox 1048 1947 1186 2047; x_wconf 79' lang='lat' dir='ltr'><strong>jugiter</strong></span> <span class='ocrx_word' id='word_1_100' title='bbox 1200 1972 1266 2047; x_wconf 81' lang='lat' dir='ltr'><strong>cp·</strong></span> 
     </span>
     <span class='ocr_line' id='line_1_15' title="bbox 196 2064 1266 2166; baseline -0.001 -28"><span class='ocrx_word' id='word_1_101' title='bbox 196 2064 350 2163; x_wconf 81' lang='lat' dir='ltr'><strong>petebat.</strong></span> <span class='ocrx_word' id='word_1_102' title='bbox 378 2064 569 2166; x_wconf 81' lang='lat' dir='ltr'><strong>stigandus</strong></span> <span class='ocrx_word' id='word_1_103' title='bbox 598 2080 719 2140; x_wconf 81' lang='lat' dir='ltr'><strong>cutem</strong></span> <span class='ocrx_word' id='word_1_104' title='bbox 745 2066 1011 2139; x_wconf 86' lang='lat' dir='ltr'><strong>Cantuariensis</strong></span> <span class='ocrx_word' id='word_1_105' title='bbox 1036 2064 1266 2138; x_wconf 75' lang='lat' dir='ltr'><strong>saecularibus</strong></span> 
     </span>
     <span class='ocr_line' id='line_1_16' title="bbox 196 2179 1267 2281; baseline 0.001 -27"><span class='ocrx_word' id='word_1_106' title='bbox 196 2183 292 2255; x_wconf 88' lang='lat' dir='ltr'><strong>curis</strong></span> <span class='ocrx_word' id='word_1_107' title='bbox 311 2198 348 2256; x_wconf 89' lang='lat' dir='ltr'><strong>et</strong></span> <span class='ocrx_word' id='word_1_108' title='bbox 367 2182 505 2256; x_wconf 87' lang='lat' dir='ltr'><strong>actibus</strong></span> <span class='ocrx_word' id='word_1_109' title='bbox 525 2185 634 2256; x_wconf 89' lang='lat' dir='ltr'><strong>nimis</strong></span> <span class='ocrx_word' id='word_1_110' title='bbox 656 2185 817 2256; x_wconf 84' lang='lat' dir='ltr'><strong>intentus</strong></span> <span class='ocrx_word' id='word_1_111' title='bbox 841 2197 941 2273; x_wconf 84' lang='lat' dir='ltr'><strong>erat,</strong></span> <span class='ocrx_word' id='word_1_112' title='bbox 968 2199 1004 2256; x_wconf 88' lang='lat' dir='ltr'><strong>et</strong></span> <span class='ocrx_word' id='word_1_113' title='bbox 1024 2209 1093 2281; x_wconf 87' lang='lat' dir='ltr'><strong>pro</strong></span> <span class='ocrx_word' id='word_1_114' title='bbox 1117 2179 1267 2281; x_wconf 85' lang='lat' dir='ltr'><strong>quibus·</strong></span> 
     </span>
     <span class='ocr_line' id='line_1_17' title="bbox 195 2298 1266 2401; baseline 0 -30"><span class='ocrx_word' id='word_1_115' title='bbox 195 2298 278 2372; x_wconf 90' lang='lat' dir='ltr'><strong>dam</strong></span> <span class='ocrx_word' id='word_1_116' title='bbox 292 2299 450 2375; x_wconf 88' lang='lat' dir='ltr'><strong>reatibus</strong></span> <span class='ocrx_word' id='word_1_117' title='bbox 464 2301 509 2375; x_wconf 82' lang='lat' dir='ltr'><strong>ab</strong></span> <span class='ocrx_word' id='word_1_118' title='bbox 520 2301 725 2377; x_wconf 83' lang='lat' dir='ltr'><strong>Alexandro</strong></span> <span class='ocrx_word' id='word_1_119' title='bbox 737 2328 826 2401; x_wconf 88' lang='lat' dir='ltr'><strong>papa</strong></span> <span class='ocrx_word' id='word_1_120' title='bbox 841 2300 1054 2374; x_wconf 73' lang='lat' dir='ltr'><strong>interdictus</strong></span> <span class='ocrx_word' id='word_1_121' title='bbox 1065 2299 1209 2397; x_wconf 77' lang='lat' dir='ltr'><strong>fuerat(</strong></span> <span class='ocrx_word' id='word_1_122' title='bbox 1234 2301 1266 2398; x_wconf 92' lang='lat'><strong>).</strong></span> 
     </span>
    </p>

    <p class='ocr_par' dir='ltr' id='par_1_4' title="bbox 194 2415 1273 3569">
     <span class='ocr_line' id='line_1_18' title="bbox 246 2415 1267 2517; baseline 0.003 -30"><span class='ocrx_word' id='word_1_123' title='bbox 246 2415 410 2517; x_wconf 85' lang='lat' dir='ltr'><strong>Denique</strong></span> <span class='ocrx_word' id='word_1_124' title='bbox 425 2442 524 2489; x_wconf 87' lang='lat' dir='ltr'><strong>anno</strong></span> <span class='ocrx_word' id='word_1_125' title='bbox 539 2416 584 2488; x_wconf 91' lang='lat' dir='ltr'><strong>ab</strong></span> <span class='ocrx_word' id='word_1_126' title='bbox 603 2418 851 2492; x_wconf 83' lang='lat' dir='ltr'><strong>incarnatione</strong></span> <span class='ocrx_word' id='word_1_127' title='bbox 872 2416 1019 2490; x_wconf 86' lang='lat' dir='ltr'><strong>Domini</strong></span> <span class='ocrx_word' id='word_1_128' title='bbox 1044 2430 1193 2490; x_wconf 76' lang='lat' dir='ltr'><strong>utwi</strong></span> <span class='ocrx_word' id='word_1_129' title='bbox 1209 2415 1267 2513; x_wconf 78' lang='lat'><strong>(5)</strong></span> 
     </span>
     <span class='ocr_line' id='line_1_19' title="bbox 198 2530 1268 2633; baseline 0.004 -32"><span class='ocrx_word' id='word_1_130' title='bbox 198 2531 395 2605; x_wconf 88' lang='lat' dir='ltr'><strong>indictione</strong></span> <span class='ocrx_word' id='word_1_131' title='bbox 412 2544 450 2605; x_wconf 83' lang='lat' dir='ltr'><strong>v·</strong></span> <span class='ocrx_word' id='word_1_132' title='bbox 471 2534 508 2604; x_wconf 92' lang='lat' dir='ltr'><strong>in</strong></span> <span class='ocrx_word' id='word_1_133' title='bbox 524 2530 582 2615; x_wconf 81' lang='lat' dir='ltr'><strong>die</strong></span> <span class='ocrx_word' id='word_1_134' title='bbox 603 2533 731 2606; x_wconf 89' lang='lat' dir='ltr'><strong>natalis</strong></span> <span class='ocrx_word' id='word_1_135' title='bbox 745 2534 917 2622; x_wconf 88' lang='lat' dir='ltr'><strong>Domini,</strong></span> <span class='ocrx_word' id='word_1_136' title='bbox 936 2533 1043 2633; x_wconf 87' lang='lat' dir='ltr'><strong>Angli</strong></span> <span class='ocrx_word' id='word_1_137' title='bbox 1062 2531 1268 2607; x_wconf 82' lang='lat' dir='ltr'><strong>Lundoniae</strong></span> 
     </span>
     <span class='ocr_line' id='line_1_20' title="bbox 195 2647 1270 2751; baseline 0.002 -31"><span class='ocrx_word' id='word_1_138' title='bbox 195 2647 238 2721; x_wconf 88' lang='lat' dir='ltr'><strong>ad</strong></span> <span class='ocrx_word' id='word_1_139' title='bbox 251 2649 493 2723; x_wconf 86' lang='lat' dir='ltr'><strong>ordinandum</strong></span> <span class='ocrx_word' id='word_1_140' title='bbox 504 2677 625 2751; x_wconf 87' lang='lat' dir='ltr'><strong>regem</strong></span> <span class='ocrx_word' id='word_1_141' title='bbox 636 2667 907 2741; x_wconf 84' lang='lat' dir='ltr'><strong>convenerunt,</strong></span> <span class='ocrx_word' id='word_1_142' title='bbox 922 2666 959 2725; x_wconf 93' lang='lat' dir='ltr'><strong>et</strong></span> <span class='ocrx_word' id='word_1_143' title='bbox 968 2651 1270 2724; x_wconf 82' lang='lat' dir='ltr'><strong>Normannorum</strong></span> 
     </span>
     <span class='ocr_line' id='line_1_21' title="bbox 197 2764 1271 2867; baseline 0.001 -31"><span class='ocrx_word' id='word_1_144' title='bbox 197 2781 328 2837; x_wconf 85' lang='lat' dir='ltr'><strong>turmae</strong></span> <span class='ocrx_word' id='word_1_145' title='bbox 344 2767 436 2838; x_wconf 84' lang='lat' dir='ltr'><strong>circa</strong></span> <span class='ocrx_word' id='word_1_146' title='bbox 455 2769 714 2842; x_wconf 87' lang='lat' dir='ltr'><strong>monasterium</strong></span> <span class='ocrx_word' id='word_1_147' title='bbox 733 2770 773 2842; x_wconf 88' lang='lat' dir='ltr'><strong>in</strong></span> <span class='ocrx_word' id='word_1_148' title='bbox 788 2769 897 2841; x_wconf 87' lang='lat' dir='ltr'><strong>armis</strong></span> <span class='ocrx_word' id='word_1_149' title='bbox 920 2784 957 2841; x_wconf 85' lang='lat' dir='ltr'><strong>et</strong></span> <span class='ocrx_word' id='word_1_150' title='bbox 973 2768 1073 2867; x_wconf 85' lang='lat' dir='ltr'><strong>equis</strong></span> <span class='ocrx_word' id='word_1_151' title='bbox 1092 2764 1271 2866; x_wconf 87' lang='lat' dir='ltr'><strong>(nequid</strong></span> 
     </span>
     <span class='ocr_line' id='line_1_22' title="bbox 195 2881 1268 2987; baseline 0 -32"><span class='ocrx_word' id='word_1_152' title='bbox 195 2881 268 2956; x_wconf 92' lang='lat' dir='ltr'><strong>doli</strong></span> <span class='ocrx_word' id='word_1_153' title='bbox 284 2898 321 2955; x_wconf 90' lang='lat' dir='ltr'><strong>et</strong></span> <span class='ocrx_word' id='word_1_154' title='bbox 333 2884 519 2958; x_wconf 85' lang='lat' dir='ltr'><strong>seditionis</strong></span> <span class='ocrx_word' id='word_1_155' title='bbox 532 2887 707 2983; x_wconf 86' lang='lat' dir='ltr'><strong>oriretur)</strong></span> <span class='ocrx_word' id='word_1_156' title='bbox 720 2887 888 2987; x_wconf 88' lang='lat' dir='ltr'><strong>praesidio</strong></span> <span class='ocrx_word' id='word_1_157' title='bbox 901 2886 1082 2984; x_wconf 80' lang='lat' dir='ltr'><strong>dispositos</strong></span> <span class='ocrx_word' id='word_1_158' title='bbox 1098 2884 1268 2959; x_wconf 84' lang='lat' dir='ltr'><strong>fuerunt.</strong></span> 
     </span>
     <span class='ocr_line' id='line_1_23' title="bbox 195 2997 1270 3103; baseline 0.004 -34"><span class='ocrx_word' id='word_1_159' title='bbox 195 2997 391 3072; x_wconf 86' lang='lat' dir='ltr'><strong>Adelredus</strong></span> <span class='ocrx_word' id='word_1_160' title='bbox 409 3000 529 3100; x_wconf 83' lang='lat' dir='ltr'><strong>itaque</strong></span> <span class='ocrx_word' id='word_1_161' title='bbox 545 3002 833 3103; x_wconf 89' lang='lat' dir='ltr'><strong>archiepiscopus</strong></span> <span class='ocrx_word' id='word_1_162' title='bbox 853 3004 890 3075; x_wconf 94' lang='lat' dir='ltr'><strong>in</strong></span> <span class='ocrx_word' id='word_1_163' title='bbox 904 3000 1048 3074; x_wconf 82' lang='lat' dir='ltr'><strong>basilica</strong></span> <span class='ocrx_word' id='word_1_164' title='bbox 1061 3000 1184 3073; x_wconf 83' lang='lat' dir='ltr'><strong>Sancti</strong></span> <span class='ocrx_word' id='word_1_165' title='bbox 1201 2998 1270 3073; x_wconf 82' lang='lat' dir='ltr'><strong>Pc-</strong></span> 
     </span>
     <span class='ocr_line' id='line_1_24' title="bbox 196 3116 1273 3221; baseline 0.005 -35"><span class='ocrx_word' id='word_1_166' title='bbox 196 3116 243 3186; x_wconf 89' lang='lat' dir='ltr'><strong>tri</strong></span> <span class='ocrx_word' id='word_1_167' title='bbox 277 3117 526 3214; x_wconf 85' lang='lat' dir='ltr'><strong>apostolorum</strong></span> <span class='ocrx_word' id='word_1_168' title='bbox 557 3121 756 3219; x_wconf 85' lang='lat' dir='ltr'><strong>principis,</strong></span> <span class='ocrx_word' id='word_1_169' title='bbox 792 3147 875 3221; x_wconf 88' lang='lat' dir='ltr'><strong>quae</strong></span> <span class='ocrx_word' id='word_1_170' title='bbox 901 3117 1273 3194; x_wconf 82' lang='lat' dir='ltr'><strong>Westmonasterium</strong></span> 
     </span>
     <span class='ocr_line' id='line_1_25' title="bbox 195 3233 1271 3331; baseline 0.003 -29"><span class='ocrx_word' id='word_1_171' title='bbox 195 3247 440 3331; x_wconf 89' lang='lat' dir='ltr'><strong>nuncupatur,</strong></span> <span class='ocrx_word' id='word_1_172' title='bbox 461 3233 523 3305; x_wconf 89' lang='lat' dir='ltr'><strong>ubi</strong></span> <span class='ocrx_word' id='word_1_173' title='bbox 542 3234 728 3308; x_wconf 86' lang='lat' dir='ltr'><strong>Eduardus</strong></span> <span class='ocrx_word' id='word_1_174' title='bbox 746 3264 809 3311; x_wconf 85' lang='lat' dir='ltr'><strong>rex</strong></span> <span class='ocrx_word' id='word_1_175' title='bbox 829 3233 1082 3309; x_wconf 86' lang='lat' dir='ltr'><strong>venerabiliter</strong></span> <span class='ocrx_word' id='word_1_176' title='bbox 1098 3233 1271 3307; x_wconf 86' lang='lat' dir='ltr'><strong>humatus</strong></span> 
     </span>
     <span class='ocr_line' id='line_1_26' title="bbox 195 3349 1270 3452; baseline 0.004 -33"><span class='ocrx_word' id='word_1_177' title='bbox 195 3349 370 3447; x_wconf 87' lang='lat' dir='ltr'><strong>quiescit,</strong></span> <span class='ocrx_word' id='word_1_178' title='bbox 397 3351 434 3422; x_wconf 90' lang='lat' dir='ltr'><strong>in</strong></span> <span class='ocrx_word' id='word_1_179' title='bbox 453 3353 643 3449; x_wconf 84' lang='lat' dir='ltr'><strong>praesentia</strong></span> <span class='ocrx_word' id='word_1_180' title='bbox 659 3354 854 3452; x_wconf 88' lang='lat' dir='ltr'><strong>praesulum</strong></span> <span class='ocrx_word' id='word_1_181' title='bbox 871 3369 908 3426; x_wconf 88' lang='lat' dir='ltr'><strong>et</strong></span> <span class='ocrx_word' id='word_1_182' title='bbox 921 3350 1111 3438; x_wconf 87' lang='lat' dir='ltr'><strong>abbatum,</strong></span> <span class='ocrx_word' id='word_1_183' title='bbox 1132 3374 1270 3449; x_wconf 85' lang='lat' dir='ltr'><strong>procc-</strong></span> 
     </span>
     <span class='ocr_line' id='line_1_27' title="bbox 194 3467 1270 3569; baseline 0.005 -35"><span class='ocrx_word' id='word_1_184' title='bbox 194 3491 348 3566; x_wconf 86' lang='lat' dir='ltr'><strong>rumque</strong></span> <span class='ocrx_word' id='word_1_185' title='bbox 380 3467 492 3540; x_wconf 88' lang='lat' dir='ltr'><strong>totius</strong></span> <span class='ocrx_word' id='word_1_186' title='bbox 520 3470 618 3569; x_wconf 86' lang='lat' dir='ltr'><strong>regni</strong></span> <span class='ocrx_word' id='word_1_187' title='bbox 650 3468 839 3563; x_wconf 63' lang='lat' dir='ltr'><strong>Albionis,</strong></span> <span class='ocrx_word' id='word_1_188' title='bbox 867 3468 1110 3542; x_wconf 85' lang='lat' dir='ltr'><strong>Guillermum</strong></span> <span class='ocrx_word' id='word_1_189' title='bbox 1135 3467 1270 3541; x_wconf 84' lang='lat' dir='ltr'><strong>ducem</strong></span> 
     </span>
    </p>
   </div>
   <div class='ocr_carea' id='block_1_3' title="bbox 192 3767 1271 4363">
    <p class='ocr_par' dir='ltr' id='par_1_5' title="bbox 192 3767 1271 4023">
     <span class='ocr_line' id='line_1_28' title="bbox 230 3767 1270 3845; baseline 0.004 -24"><span class='ocrx_word' id='word_1_190' title='bbox 230 3769 268 3839; x_wconf 84' lang='lat' dir='ltr'><strong>(r)</strong></span> <span class='ocrx_word' id='word_1_191' title='bbox 287 3767 406 3837; x_wconf 81' lang='lat' dir='ltr'><strong>Aldred,</strong></span> <span class='ocrx_word' id='word_1_192' title='bbox 420 3769 592 3845; x_wconf 68' lang='lat' dir='ltr'><strong>archevdquc</strong></span> <span class='ocrx_word' id='word_1_193' title='bbox 608 3770 710 3827; x_wconf 86' lang='lat' dir='ltr'><strong>d’Yorl</strong></span> <span class='ocrx_word' id='word_1_194' title='bbox 723 3789 758 3826; x_wconf 91' lang='lat' dir='ltr'><strong>en</strong></span> <span class='ocrx_word' id='word_1_195' title='bbox 776 3769 849 3826; x_wconf 78' lang='lat'>1060.</span> <span class='ocrx_word' id='word_1_196' title='bbox 862 3770 903 3825; x_wconf 89' lang='lat' dir='ltr'><strong>Ce</strong></span> <span class='ocrx_word' id='word_1_197' title='bbox 920 3770 1010 3842; x_wconf 85' lang='lat' dir='ltr'><strong>pre&#39;lat</strong></span> <span class='ocrx_word' id='word_1_198' title='bbox 1026 3770 1125 3825; x_wconf 82' lang='lat' dir='ltr'><strong>n’avait</strong></span> <span class='ocrx_word' id='word_1_199' title='bbox 1137 3786 1185 3843; x_wconf 80' lang='lat' dir='ltr'><strong>pas</strong></span> <span class='ocrx_word' id='word_1_200' title='bbox 1197 3778 1270 3825; x_wconf 85' lang='lat' dir='ltr'><strong>tou·</strong></span> 
     </span>
     <span class='ocr_line' id='line_1_29' title="bbox 192 3858 1271 3933; baseline 0.004 -23"><span class='ocrx_word' id='word_1_201' title='bbox 192 3858 271 3929; x_wconf 89' lang='lat' dir='ltr'><strong>jours</strong></span> <span class='ocrx_word' id='word_1_202' title='bbox 288 3859 332 3911; x_wconf 71' lang='lat' dir='ltr'><strong>ete</strong></span> <span class='ocrx_word' id='word_1_203' title='bbox 350 3858 422 3911; x_wconf 86' lang='lat' dir='ltr'><strong>aussi</strong></span> <span class='ocrx_word' id='word_1_204' title='bbox 437 3858 645 3932; x_wconf 78' lang='lat' dir='ltr'><strong>irreprochable</strong></span> <span class='ocrx_word' id='word_1_205' title='bbox 660 3877 716 3933; x_wconf 87' lang='lat' dir='ltr'><strong>que</strong></span> <span class='ocrx_word' id='word_1_206' title='bbox 732 3859 758 3914; x_wconf 87' lang='lat' dir='ltr'><strong>le</strong></span> <span class='ocrx_word' id='word_1_207' title='bbox 776 3859 818 3914; x_wconf 90' lang='lat' dir='ltr'><strong>dit</strong></span> <span class='ocrx_word' id='word_1_208' title='bbox 836 3868 915 3913; x_wconf 88' lang='lat' dir='ltr'><strong>notre</strong></span> <span class='ocrx_word' id='word_1_209' title='bbox 928 3869 1036 3928; x_wconf 82' lang='lat' dir='ltr'><strong>auteur,</strong></span> <span class='ocrx_word' id='word_1_210' title='bbox 1055 3869 1084 3913; x_wconf 89' lang='lat' dir='ltr'><strong>et</strong></span> <span class='ocrx_word' id='word_1_211' title='bbox 1103 3858 1129 3913; x_wconf 88' lang='lat' dir='ltr'><strong>le</strong></span> <span class='ocrx_word' id='word_1_212' title='bbox 1144 3876 1217 3931; x_wconf 76' lang='lat' dir='ltr'><strong>pape</strong></span> <span class='ocrx_word' id='word_1_213' title='bbox 1230 3876 1271 3915; x_wconf 84' lang='lat' dir='ltr'><strong>ne</strong></span> 
     </span>
     <span class='ocr_line' id='line_1_30' title="bbox 195 3946 1269 4023; baseline 0.001 -22"><span class='ocrx_word' id='word_1_214' title='bbox 195 3947 284 4002; x_wconf 80' lang='lat' dir='ltr'><strong>s’etait</strong></span> <span class='ocrx_word' id='word_1_215' title='bbox 291 3946 447 4003; x_wconf 76' lang='lat' dir='ltr'><strong>determine</strong></span> <span class='ocrx_word' id='word_1_216' title='bbox 454 3948 972 4023; x_wconf 71' lang='lat' dir='ltr'><strong>qu’apresbeaucoupd&#39;instancesalui</strong></span> <span class='ocrx_word' id='word_1_217' title='bbox 980 3947 1131 4021; x_wconf 81' lang='lat' dir='ltr'><strong>envoyerle</strong></span> <span class='ocrx_word' id='word_1_218' title='bbox 1138 3946 1269 4020; x_wconf 85' lang='lat' dir='ltr'><strong>pallium.</strong></span> 
     </span>
    </p>

    <p class='ocr_par' dir='ltr' id='par_1_6' title="bbox 195 4036 1271 4199">
     <span class='ocr_line' id='line_1_31' title="bbox 229 4036 1271 4112; baseline 0.005 -22"><span class='ocrx_word' id='word_1_219' title='bbox 229 4037 267 4106; x_wconf 71' lang='grc' dir='ltr'><strong>(α)</strong></span> <span class='ocrx_word' id='word_1_220' title='bbox 285 4036 402 4110; x_wconf 86' lang='lat' dir='ltr'><strong>Stigaud</strong></span> <span class='ocrx_word' id='word_1_221' title='bbox 414 4038 486 4092; x_wconf 86' lang='lat' dir='ltr'><strong>avait</strong></span> <span class='ocrx_word' id='word_1_222' title='bbox 498 4040 543 4093; x_wconf 79' lang='lat' dir='ltr'><strong>e&#39;te</strong></span> <span class='ocrx_word' id='word_1_223' title='bbox 562 4039 702 4112; x_wconf 87' lang='lat' dir='ltr'><strong>suspendu</strong></span> <span class='ocrx_word' id='word_1_224' title='bbox 719 4038 819 4111; x_wconf 82' lang='lat' dir='ltr'><strong>depuis</strong></span> <span class='ocrx_word' id='word_1_225' title='bbox 831 4038 1000 4112; x_wconf 85' lang='lat' dir='ltr'><strong>long-temps</strong></span> <span class='ocrx_word' id='word_1_226' title='bbox 1016 4038 1051 4093; x_wconf 86' lang='lat' dir='ltr'><strong>dc</strong></span> <span class='ocrx_word' id='word_1_227' title='bbox 1065 4054 1107 4094; x_wconf 87' lang='lat' dir='ltr'><strong>ses</strong></span> <span class='ocrx_word' id='word_1_228' title='bbox 1126 4037 1271 4095; x_wconf 78' lang='lat' dir='ltr'><strong>fonctions</strong></span> 
     </span>
     <span class='ocr_line' id='line_1_32' title="bbox 195 4122 827 4199; baseline 0.006 -22"><span class='ocrx_word' id='word_1_229' title='bbox 195 4122 438 4198; x_wconf 77' lang='lat' dir='ltr'><strong>archiepiscopales</strong></span> <span class='ocrx_word' id='word_1_230' title='bbox 450 4143 500 4198; x_wconf 83' lang='lat' dir='ltr'><strong>par</strong></span> <span class='ocrx_word' id='word_1_231' title='bbox 510 4124 535 4179; x_wconf 89' lang='lat' dir='ltr'><strong>le</strong></span> <span class='ocrx_word' id='word_1_232' title='bbox 545 4145 614 4199; x_wconf 83' lang='lat' dir='ltr'><strong>pape</strong></span> <span class='ocrx_word' id='word_1_233' title='bbox 624 4126 778 4182; x_wconf 78' lang='lat' dir='ltr'><strong>Alexandro</strong></span> <span class='ocrx_word' id='word_1_234' title='bbox 789 4127 827 4181; x_wconf 93' lang='lat' dir='ltr'><strong>ll.</strong></span> 
     </span>
    </p>

    <p class='ocr_par' dir='ltr' id='par_1_7' title="bbox 196 4211 1270 4363">
     <span class='ocr_line' id='line_1_33' title="bbox 229 4211 1270 4293; baseline 0.004 -25"><span class='ocrx_word' id='word_1_235' title='bbox 229 4211 269 4284; x_wconf 80' lang='grc'><strong>(3)</strong></span> <span class='ocrx_word' id='word_1_236' title='bbox 288 4216 361 4270; x_wconf 78' lang='lat' dir='ltr'><strong>Lisez</strong></span> <span class='ocrx_word' id='word_1_237' title='bbox 380 4214 454 4270; x_wconf 81' lang='lat'><strong>1066.</strong></span> <span class='ocrx_word' id='word_1_238' title='bbox 474 4216 561 4272; x_wconf 84' lang='lat' dir='ltr'><strong>Notre</strong></span> <span class='ocrx_word' id='word_1_239' title='bbox 576 4229 676 4274; x_wconf 74' lang='lat' dir='ltr'><strong>autern</strong></span> <span class='ocrx_word' id='word_1_240' title='bbox 691 4217 835 4293; x_wconf 84' lang='lat' dir='ltr'><strong>n&#39;indique</strong></span> <span class='ocrx_word' id='word_1_241' title='bbox 856 4217 921 4292; x_wconf 79' lang='lat'>1067</span> <span class='ocrx_word' id='word_1_242' title='bbox 934 4236 989 4291; x_wconf 86' lang='lat' dir='ltr'><strong>quc</strong></span> <span class='ocrx_word' id='word_1_243' title='bbox 1004 4235 1085 4291; x_wconf 83' lang='lat' dir='ltr'><strong>paroc</strong></span> <span class='ocrx_word' id='word_1_244' title='bbox 1103 4216 1172 4291; x_wconf 87' lang='lat' dir='ltr'><strong>qn&#39;il</strong></span> <span class='ocrx_word' id='word_1_245' title='bbox 1185 4232 1270 4272; x_wconf 82' lang='lat' dir='ltr'><strong>corn-</strong></span> 
     </span>
     <span class='ocr_line' id='line_1_34' title="bbox 196 4303 1165 4363; baseline 0.011 -6"><span class='ocrx_word' id='word_1_246' title='bbox 196 4322 292 4359; x_wconf 85' lang='lat' dir='ltr'><strong>mcncc</strong></span> <span class='ocrx_word' id='word_1_247' title='bbox 303 4303 410 4361; x_wconf 70' lang='lat' dir='ltr'><strong>l&#39;anndc</strong></span> <span class='ocrx_word' id='word_1_248' title='bbox 423 4308 438 4360; x_wconf 71' lang='lat' dir='ltr'><strong>i</strong></span> <span class='ocrx_word' id='word_1_249' title='bbox 452 4306 531 4363; x_wconf 75' lang='lat' dir='ltr'><strong>Nost.</strong></span> <span class='ocrx_word' id='word_1_250' title='bbox 1157 4316 1165 4330; x_wconf 85' lang='lat'><em>&#39;</em></span> 
     </span>
    </p>
   </div>
   <div class='ocr_carea' id='block_1_4' title="bbox 0 0 1468 4980">
    <p class='ocr_par' dir='ltr' id='par_1_8' title="bbox 0 0 1468 4980">
     <span class='ocr_line' id='line_1_35' title="bbox 0 0 1468 4980; baseline 0 0"><span class='ocrx_word' id='word_1_251' title='bbox 0 0 1468 4980; x_wconf 95' lang='lat' dir='ltr'><strong> </strong></span> 
     </span>
    </p>
   </div>
  </div>
 </body>
</html>
