<?xml version="1.0" encoding="UTF-8"?>
<!DOCTYPE html PUBLIC "-//W3C//DTD XHTML 1.0 Transitional//EN"
    "http://www.w3.org/TR/xhtml1/DTD/xhtml1-transitional.dtd">
<html xmlns="http://www.w3.org/1999/xhtml" xml:lang="en" lang="en">
 <head>
  <title>
</title>
<meta http-equiv="Content-Type" content="text/html;charset=utf-8" />
  <meta name='ocr-system' content='tesseract 3.04.00' />
  <meta name='ocr-capabilities' content='ocr_page ocr_carea ocr_par ocr_line ocrx_word'/>
</head>
<body>
  <div class='ocr_page' id='page_1' title='image "./ordericivitalis01deligoog/ordericivitalis01deligoog_0057.png"; bbox 0 0 2910 4980; ppageno 0'>
   <div class='ocr_carea' id='block_1_1' title="bbox 242 472 1299 552">
    <p class='ocr_par' dir='ltr' id='par_1_1' title="bbox 242 472 1299 552">
     <span class='ocr_line' id='line_1_1' title="bbox 242 472 1299 552; baseline 0.002 -18"><span class='ocrx_word' id='word_1_1' title='bbox 242 474 281 534; x_wconf 79' lang='lat' dir='ltr'><strong>n</strong></span> <span class='ocrx_word' id='word_1_2' title='bbox 514 474 696 536; x_wconf 81' lang='lat' dir='ltr'><strong>nrsronn</strong></span> <span class='ocrx_word' id='word_1_3' title='bbox 716 472 1021 535; x_wconf 68' lang='lat' dir='ltr'><strong>recursurum.</strong></span> <span class='ocrx_word' id='word_1_4' title='bbox 1094 477 1299 552; x_wconf 75' lang='lat' dir='ltr'><strong>[rosorosr]</strong></span> 
     </span>
    </p>
   </div>
   <div class='ocr_carea' id='block_1_2' title="bbox 239 591 1305 3338">
    <p class='ocr_par' dir='ltr' id='par_1_2' title="bbox 239 591 1305 3338">
     <span class='ocr_line' id='line_1_2' title="bbox 242 591 1302 689; baseline 0 -25"><span class='ocrx_word' id='word_1_5' title='bbox 242 593 346 664; x_wconf 86' lang='lat' dir='ltr'><strong>matri</strong></span> <span class='ocrx_word' id='word_1_6' title='bbox 366 606 407 661; x_wconf 88' lang='lat' dir='ltr'><strong>ut</strong></span> <span class='ocrx_word' id='word_1_7' title='bbox 423 593 538 689; x_wconf 84' lang='lat' dir='ltr'><strong>ipsum</strong></span> <span class='ocrx_word' id='word_1_8' title='bbox 557 595 873 680; x_wconf 77' lang='lat' dir='ltr'><strong>calumniarentur,</strong></span> <span class='ocrx_word' id='word_1_9' title='bbox 886 592 978 666; x_wconf 88' lang='lat' dir='ltr'><strong>etde</strong></span> <span class='ocrx_word' id='word_1_10' title='bbox 989 594 1209 669; x_wconf 83' lang='lat' dir='ltr'><strong>monasterio</strong></span> <span class='ocrx_word' id='word_1_11' title='bbox 1223 591 1302 664; x_wconf 88' lang='lat' dir='ltr'><strong>abs-</strong></span> 
     </span>
     <span class='ocr_line' id='line_1_3' title="bbox 243 708 1301 804; baseline 0.002 -26"><span class='ocrx_word' id='word_1_12' title='bbox 243 708 463 804; x_wconf 80' lang='lat' dir='ltr'><strong>traherent),</strong></span> <span class='ocrx_word' id='word_1_13' title='bbox 482 711 613 783; x_wconf 88' lang='lat' dir='ltr'><strong>timens</strong></span> <span class='ocrx_word' id='word_1_14' title='bbox 635 737 680 783; x_wconf 92' lang='lat' dir='ltr'><strong>ue</strong></span> <span class='ocrx_word' id='word_1_15' title='bbox 697 709 791 781; x_wconf 90' lang='lat' dir='ltr'><strong>illius</strong></span> <span class='ocrx_word' id='word_1_16' title='bbox 809 710 950 782; x_wconf 83' lang='lat' dir='ltr'><strong>miseria</strong></span> <span class='ocrx_word' id='word_1_17' title='bbox 968 708 1027 780; x_wconf 89' lang='lat' dir='ltr'><strong>alii</strong></span> <span class='ocrx_word' id='word_1_18' title='bbox 1046 708 1176 781; x_wconf 76' lang='lat' dir='ltr'><strong>fratres</strong></span> <span class='ocrx_word' id='word_1_19' title='bbox 1192 709 1301 780; x_wconf 82' lang='lat' dir='ltr'><strong>vitia-</strong></span> 
     </span>
     <span class='ocr_line' id='line_1_4' title="bbox 240 825 1301 925; baseline 0 -27"><span class='ocrx_word' id='word_1_20' title='bbox 240 840 381 911; x_wconf 83' lang='lat' dir='ltr'>rentur,</span> <span class='ocrx_word' id='word_1_21' title='bbox 402 827 637 922; x_wconf 87' lang='lat' dir='ltr'><strong>apostolicum</strong></span> <span class='ocrx_word' id='word_1_22' title='bbox 653 843 872 925; x_wconf 81' lang='lat' dir='ltr'><strong>praeceptum</strong></span> <span class='ocrx_word' id='word_1_23' title='bbox 889 828 927 897; x_wconf 92' lang='lat' dir='ltr'><strong>in</strong></span> <span class='ocrx_word' id='word_1_24' title='bbox 944 825 1008 899; x_wconf 87' lang='lat' dir='ltr'><strong>illo</strong></span> <span class='ocrx_word' id='word_1_25' title='bbox 1022 826 1216 923; x_wconf 87' lang='lat' dir='ltr'><strong>adimplere</strong></span> <span class='ocrx_word' id='word_1_26' title='bbox 1232 851 1301 898; x_wconf 83' lang='lat' dir='ltr'><strong>ro-</strong></span> 
     </span>
     <span class='ocr_line' id='line_1_5' title="bbox 240 937 1297 1036; baseline -0.001 -26"><span class='ocrx_word' id='word_1_27' title='bbox 240 940 326 1025; x_wconf 90' lang='lat' dir='ltr'><strong>luit,</strong></span> <span class='ocrx_word' id='word_1_28' title='bbox 345 940 392 1010; x_wconf 90' lang='lat' dir='ltr'><strong>ita</strong></span> <span class='ocrx_word' id='word_1_29' title='bbox 403 940 554 1012; x_wconf 88' lang='lat' dir='ltr'><strong>dicentis</strong></span> <span class='ocrx_word' id='word_1_30' title='bbox 569 972 578 1011; x_wconf 94' lang='lat'><strong>:</strong></span> <span class='ocrx_word' id='word_1_31' title='bbox 596 937 747 1036; x_wconf 61' lang='lat' dir='ltr'><strong>Auferte</strong></span> <span class='ocrx_word' id='word_1_32' title='bbox 763 941 899 1012; x_wconf 80' lang='lat' dir='ltr'><strong>matum</strong></span> <span class='ocrx_word' id='word_1_33' title='bbox 916 967 964 1011; x_wconf 73' lang='lat' dir='ltr'><strong>er</strong></span> <span class='ocrx_word' id='word_1_34' title='bbox 982 940 1097 1012; x_wconf 83' lang='lat' dir='ltr'><strong>vobis.</strong></span> <span class='ocrx_word' id='word_1_35' title='bbox 1117 940 1166 1010; x_wconf 87' lang='lat' dir='ltr'><strong>Et</strong></span> <span class='ocrx_word' id='word_1_36' title='bbox 1183 938 1297 1011; x_wconf 88' lang='lat' dir='ltr'><strong>illud:</strong></span> 
     </span>
     <span class='ocr_line' id='line_1_6' title="bbox 241 1053 1301 1153; baseline 0.002 -28"><span class='ocrx_word' id='word_1_37' title='bbox 241 1053 404 1152; x_wconf 55' lang='lat' dir='ltr'><strong>infidelis</strong></span> <span class='ocrx_word' id='word_1_38' title='bbox 429 1059 461 1125; x_wconf 88' lang='lat' dir='ltr'><strong>si</strong></span> <span class='ocrx_word' id='word_1_39' title='bbox 485 1054 661 1146; x_wconf 83' lang='lat' dir='ltr'><strong>discedit,</strong></span> <span class='ocrx_word' id='word_1_40' title='bbox 698 1055 864 1128; x_wconf 73' lang='lat' dir='ltr'><strong>discedat</strong></span> <span class='ocrx_word' id='word_1_41' title='bbox 890 1056 960 1152; x_wconf 81' lang='lat' dir='ltr'><strong>(r).</strong></span> <span class='ocrx_word' id='word_1_42' title='bbox 989 1056 1155 1127; x_wconf 83' lang='lat' dir='ltr'>Permisit</span> <span class='ocrx_word' id='word_1_43' title='bbox 1180 1056 1301 1153; x_wconf 86' lang='lat' dir='ltr'><strong>itaque</strong></span> 
     </span>
     <span class='ocr_line' id='line_1_7' title="bbox 243 1169 1299 1262; baseline 0 -22"><span class='ocrx_word' id='word_1_44' title='bbox 243 1170 346 1241; x_wconf 87' lang='lat' dir='ltr'><strong>illum</strong></span> <span class='ocrx_word' id='word_1_45' title='bbox 365 1171 409 1243; x_wconf 90' lang='lat' dir='ltr'><strong>de</strong></span> <span class='ocrx_word' id='word_1_46' title='bbox 429 1169 602 1244; x_wconf 87' lang='lat' dir='ltr'><strong>coenobio</strong></span> <span class='ocrx_word' id='word_1_47' title='bbox 629 1173 725 1245; x_wconf 84' lang='lat' dir='ltr'><strong>exire</strong></span> <span class='ocrx_word' id='word_1_48' title='bbox 747 1172 849 1245; x_wconf 91' lang='lat' dir='ltr'><strong>etad</strong></span> <span class='ocrx_word' id='word_1_49' title='bbox 870 1171 1041 1243; x_wconf 75' lang='lat' dir='ltr'><strong>saeculum</strong></span> <span class='ocrx_word' id='word_1_50' title='bbox 1066 1169 1195 1242; x_wconf 82' lang='lat' dir='ltr'><strong>redire.</strong></span> <span class='ocrx_word' id='word_1_51' title='bbox 1225 1169 1299 1262; x_wconf 85' lang='lat' dir='ltr'><strong>Qui</strong></span> 
     </span>
     <span class='ocr_line' id='line_1_8' title="bbox 240 1286 1300 1388; baseline 0 -30"><span class='ocrx_word' id='word_1_52' title='bbox 240 1290 392 1386; x_wconf 75' lang='lat' dir='ltr'><strong>peccatis</strong></span> <span class='ocrx_word' id='word_1_53' title='bbox 408 1290 479 1360; x_wconf 84' lang='lat' dir='ltr'><strong>suis</strong></span> <span class='ocrx_word' id='word_1_54' title='bbox 497 1306 640 1388; x_wconf 75' lang='lat' dir='ltr'><strong>peccata</strong></span> <span class='ocrx_word' id='word_1_55' title='bbox 656 1290 903 1376; x_wconf 90' lang='lat' dir='ltr'><strong>accumulans,</strong></span> <span class='ocrx_word' id='word_1_56' title='bbox 922 1288 1063 1360; x_wconf 87' lang='lat' dir='ltr'><strong>cuidam</strong></span> <span class='ocrx_word' id='word_1_57' title='bbox 1077 1286 1300 1361; x_wconf 83' lang='lat' dir='ltr'><strong>mulierculae</strong></span> 
     </span>
     <span class='ocr_line' id='line_1_9' title="bbox 239 1403 1299 1502; baseline -0.003 -26"><span class='ocrx_word' id='word_1_58' title='bbox 239 1405 392 1502; x_wconf 88' lang='lat' dir='ltr'><strong>seipsum</strong></span> <span class='ocrx_word' id='word_1_59' title='bbox 421 1405 615 1502; x_wconf 74' lang='lat' dir='ltr'><strong>copulavit.</strong></span> <span class='ocrx_word' id='word_1_60' title='bbox 647 1405 716 1477; x_wconf 89' lang='lat' dir='ltr'><strong>Sed</strong></span> <span class='ocrx_word' id='word_1_61' title='bbox 742 1432 826 1476; x_wconf 90' lang='lat' dir='ltr'><strong>cum</strong></span> <span class='ocrx_word' id='word_1_62' title='bbox 853 1404 912 1474; x_wconf 92' lang='lat' dir='ltr'><strong>illa</strong></span> <span class='ocrx_word' id='word_1_63' title='bbox 941 1405 972 1476; x_wconf 91' lang='lat' dir='ltr'><strong>ei</strong></span> <span class='ocrx_word' id='word_1_64' title='bbox 1002 1428 1079 1476; x_wconf 92' lang='lat' dir='ltr'><strong>nou</strong></span> <span class='ocrx_word' id='word_1_65' title='bbox 1102 1403 1299 1489; x_wconf 78' lang='lat' dir='ltr'><strong>sufficeret,</strong></span> 
     </span>
     <span class='ocr_line' id='line_1_10' title="bbox 239 1517 1303 1614; baseline 0 -25"><span class='ocrx_word' id='word_1_66' title='bbox 239 1518 387 1591; x_wconf 85' lang='lat' dir='ltr'><strong>alteram</strong></span> <span class='ocrx_word' id='word_1_67' title='bbox 402 1517 578 1591; x_wconf 75' lang='lat' dir='ltr'><strong>vocabulo</strong></span> <span class='ocrx_word' id='word_1_68' title='bbox 591 1519 738 1591; x_wconf 92' lang='lat' dir='ltr'><strong>Pomula</strong></span> <span class='ocrx_word' id='word_1_69' title='bbox 755 1521 793 1592; x_wconf 90' lang='lat' dir='ltr'><strong>iu</strong></span> <span class='ocrx_word' id='word_1_70' title='bbox 809 1544 969 1591; x_wconf 90' lang='lat' dir='ltr'><strong>amorem</strong></span> <span class='ocrx_word' id='word_1_71' title='bbox 986 1519 1039 1589; x_wconf 91' lang='lat' dir='ltr'><strong>sui</strong></span> <span class='ocrx_word' id='word_1_72' title='bbox 1056 1518 1199 1604; x_wconf 76' lang='lat' dir='ltr'><strong>ascivit,</strong></span> <span class='ocrx_word' id='word_1_73' title='bbox 1219 1542 1303 1614; x_wconf 91' lang='lat' dir='ltr'><strong>pac·</strong></span> 
     </span>
     <span class='ocr_line' id='line_1_11' title="bbox 242 1631 1299 1734; baseline 0.001 -30"><span class='ocrx_word' id='word_1_74' title='bbox 242 1650 404 1733; x_wconf 86' lang='lat' dir='ltr'><strong>tumque,</strong></span> <span class='ocrx_word' id='word_1_75' title='bbox 413 1650 583 1705; x_wconf 89' lang='lat' dir='ltr'><strong>utsecum</strong></span> <span class='ocrx_word' id='word_1_76' title='bbox 592 1637 807 1706; x_wconf 85' lang='lat' dir='ltr'><strong>adsanctum</strong></span> <span class='ocrx_word' id='word_1_77' title='bbox 815 1635 981 1734; x_wconf 80' lang='lat' dir='ltr'><strong>ngdinm</strong></span> <span class='ocrx_word' id='word_1_78' title='bbox 991 1631 1299 1718; x_wconf 76' lang='lat' dir='ltr'><strong>illamdcduoeret,</strong></span> 
     </span>
     <span class='ocr_line' id='line_1_12' title="bbox 242 1748 1301 1848; baseline 0 -29"><span class='ocrx_word' id='word_1_79' title='bbox 242 1775 325 1820; x_wconf 88' lang='lat' dir='ltr'><strong>cum</strong></span> <span class='ocrx_word' id='word_1_80' title='bbox 341 1776 380 1821; x_wconf 87' lang='lat' dir='ltr'><strong>ea</strong></span> <span class='ocrx_word' id='word_1_81' title='bbox 400 1748 499 1822; x_wconf 83' lang='lat' dir='ltr'><strong>lecit.</strong></span> <span class='ocrx_word' id='word_1_82' title='bbox 523 1749 676 1822; x_wconf 81' lang='lat' dir='ltr'>Volebat</span> <span class='ocrx_word' id='word_1_83' title='bbox 691 1750 788 1822; x_wconf 89' lang='lat' dir='ltr'><strong>euim</strong></span> <span class='ocrx_word' id='word_1_84' title='bbox 810 1748 1019 1848; x_wconf 87' lang='lat' dir='ltr'><strong>parentibus</strong></span> <span class='ocrx_word' id='word_1_85' title='bbox 1037 1767 1073 1824; x_wconf 90' lang='lat' dir='ltr'><strong>et</strong></span> <span class='ocrx_word' id='word_1_86' title='bbox 1088 1750 1211 1821; x_wconf 88' lang='lat' dir='ltr'><strong>amicis</strong></span> <span class='ocrx_word' id='word_1_87' title='bbox 1228 1750 1301 1820; x_wconf 85' lang='lat' dir='ltr'><strong>suis</strong></span> 
     </span>
     <span class='ocr_line' id='line_1_13' title="bbox 244 1866 1302 1968; baseline 0.001 -33"><span class='ocrx_word' id='word_1_88' title='bbox 244 1867 467 1964; x_wconf 81' lang='lat' dir='ltr'><strong>incognitum</strong></span> <span class='ocrx_word' id='word_1_89' title='bbox 484 1893 557 1939; x_wconf 78' lang='lat' dir='ltr'><strong>cese</strong></span> <span class='ocrx_word' id='word_1_90' title='bbox 571 1867 669 1966; x_wconf 91' lang='lat' dir='ltr'><strong>quod</strong></span> <span class='ocrx_word' id='word_1_91' title='bbox 686 1894 764 1939; x_wconf 87' lang='lat' dir='ltr'><strong>eam</strong></span> <span class='ocrx_word' id='word_1_92' title='bbox 776 1866 956 1968; x_wconf 80' lang='lat' dir='ltr'><strong>diligeret.</strong></span> <span class='ocrx_word' id='word_1_93' title='bbox 975 1868 1136 1965; x_wconf 87' lang='lat' dir='ltr'><strong>Cumque</strong></span> <span class='ocrx_word' id='word_1_94' title='bbox 1152 1867 1204 1937; x_wconf 91' lang='lat' dir='ltr'><strong>illi</strong></span> <span class='ocrx_word' id='word_1_95' title='bbox 1217 1890 1302 1936; x_wconf 91' lang='lat' dir='ltr'><strong>mn-</strong></span> 
     </span>
     <span class='ocr_line' id='line_1_14' title="bbox 244 1981 1302 2082; baseline -0.002 -30"><span class='ocrx_word' id='word_1_96' title='bbox 244 1983 323 2054; x_wconf 89' lang='lat' dir='ltr'><strong>lieri</strong></span> <span class='ocrx_word' id='word_1_97' title='bbox 338 1981 456 2054; x_wconf 90' lang='lat' dir='ltr'><strong>locum</strong></span> <span class='ocrx_word' id='word_1_98' title='bbox 470 1983 683 2082; x_wconf 79' lang='lat' dir='ltr'><strong>designasset</strong></span> <span class='ocrx_word' id='word_1_99' title='bbox 694 1981 755 2052; x_wconf 90' lang='lat' dir='ltr'><strong>ubi</strong></span> <span class='ocrx_word' id='word_1_100' title='bbox 770 1982 1136 2081; x_wconf 85' lang='lat' dir='ltr'><strong>simuljungerentur,</strong></span> <span class='ocrx_word' id='word_1_101' title='bbox 1151 1981 1302 2079; x_wconf 88' lang='lat' dir='ltr'><strong>pan&#39;ter·</strong></span> 
     </span>
     <span class='ocr_line' id='line_1_15' title="bbox 242 2096 1301 2199; baseline -0.005 -28"><span class='ocrx_word' id='word_1_102' title='bbox 242 2125 323 2198; x_wconf 86' lang='lat' dir='ltr'><strong>qne·</strong></span> <span class='ocrx_word' id='word_1_103' title='bbox 336 2097 662 2197; x_wconf 89' lang='lat' dir='ltr'><strong>proficiscerentur,</strong></span> <span class='ocrx_word' id='word_1_104' title='bbox 688 2125 771 2169; x_wconf 90' lang='lat' dir='ltr'><strong>cum</strong></span> <span class='ocrx_word' id='word_1_105' title='bbox 794 2097 1008 2199; x_wconf 88' lang='lat' dir='ltr'><strong>quibusdam</strong></span> <span class='ocrx_word' id='word_1_106' title='bbox 1032 2097 1231 2196; x_wconf 77' lang='lat' dir='ltr'><strong>peregrinis</strong></span> <span class='ocrx_word' id='word_1_107' title='bbox 1255 2096 1301 2166; x_wconf 92' lang='lat' dir='ltr'><strong>ad</strong></span> 
     </span>
     <span class='ocr_line' id='line_1_16' title="bbox 243 2212 1301 2313; baseline -0.003 -28"><span class='ocrx_word' id='word_1_108' title='bbox 243 2230 405 2286; x_wconf 89' lang='lat' dir='ltr'><strong>sanctum</strong></span> <span class='ocrx_word' id='word_1_109' title='bbox 430 2215 598 2313; x_wconf 57' lang='lat' dir='ltr'><strong>Qidinm</strong></span> <span class='ocrx_word' id='word_1_110' title='bbox 620 2217 677 2312; x_wconf 87' lang='lat'><strong>(2)</strong></span> <span class='ocrx_word' id='word_1_111' title='bbox 703 2213 871 2287; x_wconf 89' lang='lat' dir='ltr'><strong>euntibus</strong></span> <span class='ocrx_word' id='word_1_112' title='bbox 893 2218 962 2287; x_wconf 86' lang='lat' dir='ltr'><strong>iter</strong></span> <span class='ocrx_word' id='word_1_113' title='bbox 984 2215 1149 2312; x_wconf 88' lang='lat' dir='ltr'><strong>arripuit.</strong></span> <span class='ocrx_word' id='word_1_114' title='bbox 1171 2212 1221 2284; x_wconf 83' lang='lat' dir='ltr'><strong>At</strong></span> <span class='ocrx_word' id='word_1_115' title='bbox 1240 2212 1301 2283; x_wconf 90' lang='lat' dir='ltr'><strong>illa</strong></span> 
     </span>
     <span class='ocr_line' id='line_1_17' title="bbox 245 2328 1303 2430; baseline -0.002 -28"><span class='ocrx_word' id='word_1_116' title='bbox 245 2334 322 2430; x_wconf 84' lang='lat' dir='ltr'><strong>ipso</strong></span> <span class='ocrx_word' id='word_1_117' title='bbox 339 2333 527 2430; x_wconf 82' lang='lat' dir='ltr'><strong>ignorante</strong></span> <span class='ocrx_word' id='word_1_118' title='bbox 542 2331 587 2403; x_wconf 91' lang='lat' dir='ltr'><strong>ab</strong></span> <span class='ocrx_word' id='word_1_119' title='bbox 606 2331 670 2403; x_wconf 89' lang='lat' dir='ltr'><strong>hac</strong></span> <span class='ocrx_word' id='word_1_120' title='bbox 688 2334 852 2429; x_wconf 73' lang='lat' dir='ltr'><strong>pactione</strong></span> <span class='ocrx_word' id='word_1_121' title='bbox 873 2332 1031 2418; x_wconf 80' lang='lat' dir='ltr'><strong>resiluit,</strong></span> <span class='ocrx_word' id='word_1_122' title='bbox 1053 2346 1087 2403; x_wconf 86' lang='lat' dir='ltr'><strong>et</strong></span> <span class='ocrx_word' id='word_1_123' title='bbox 1107 2328 1209 2401; x_wconf 86' lang='lat' dir='ltr'><strong>alteri</strong></span> <span class='ocrx_word' id='word_1_124' title='bbox 1226 2328 1303 2400; x_wconf 88' lang='lat' dir='ltr'><strong>cle-</strong></span> 
     </span>
     <span class='ocr_line' id='line_1_18' title="bbox 243 2442 1302 2532; baseline -0.002 -17"><span class='ocrx_word' id='word_1_125' title='bbox 243 2447 320 2518; x_wconf 84' lang='lat' dir='ltr'><strong>rico</strong></span> <span class='ocrx_word' id='word_1_126' title='bbox 346 2473 384 2518; x_wconf 82' lang='lat' dir='ltr'><strong>se</strong></span> <span class='ocrx_word' id='word_1_127' title='bbox 404 2448 563 2517; x_wconf 86' lang='lat' dir='ltr'><strong>sociarit.</strong></span> <span class='ocrx_word' id='word_1_128' title='bbox 589 2444 637 2516; x_wconf 83' lang='lat' dir='ltr'><strong>At</strong></span> <span class='ocrx_word' id='word_1_129' title='bbox 654 2470 740 2518; x_wconf 84' lang='lat' dir='ltr'><strong>rero</strong></span> <span class='ocrx_word' id='word_1_130' title='bbox 764 2444 981 2532; x_wconf 88' lang='lat' dir='ltr'><strong>Anseredus,</strong></span> <span class='ocrx_word' id='word_1_131' title='bbox 1009 2471 1091 2515; x_wconf 88' lang='lat' dir='ltr'><strong>curn</strong></span> <span class='ocrx_word' id='word_1_132' title='bbox 1112 2443 1155 2515; x_wconf 91' lang='lat' dir='ltr'><strong>ad</strong></span> <span class='ocrx_word' id='word_1_133' title='bbox 1179 2442 1302 2515; x_wconf 90' lang='lat' dir='ltr'><strong>locum</strong></span> 
     </span>
     <span class='ocr_line' id='line_1_19' title="bbox 243 2559 1303 2658; baseline -0.003 -27"><span class='ocrx_word' id='word_1_134' title='bbox 243 2585 352 2657; x_wconf 89' lang='lat' dir='ltr'><strong>quem</strong></span> <span class='ocrx_word' id='word_1_135' title='bbox 375 2560 518 2633; x_wconf 89' lang='lat' dir='ltr'><strong>mulieri</strong></span> <span class='ocrx_word' id='word_1_136' title='bbox 545 2559 761 2658; x_wconf 86' lang='lat' dir='ltr'><strong>designarat,</strong></span> <span class='ocrx_word' id='word_1_137' title='bbox 789 2561 1026 2658; x_wconf 65' lang='lat' dir='ltr'><strong>peruenisset,</strong></span> <span class='ocrx_word' id='word_1_138' title='bbox 1054 2584 1201 2656; x_wconf 83' lang='lat' dir='ltr'><strong>eamque</strong></span> <span class='ocrx_word' id='word_1_139' title='bbox 1225 2582 1303 2629; x_wconf 92' lang='lat' dir='ltr'><strong>uon</strong></span> 
     </span>
     <span class='ocr_line' id='line_1_20' title="bbox 245 2674 1304 2777; baseline -0.004 -30"><span class='ocrx_word' id='word_1_140' title='bbox 245 2678 450 2775; x_wconf 83' lang='lat' dir='ltr'><strong>reperisset,</strong></span> <span class='ocrx_word' id='word_1_141' title='bbox 468 2676 558 2749; x_wconf 84' lang='lat' dir='ltr'><strong>dixit</strong></span> <span class='ocrx_word' id='word_1_142' title='bbox 577 2676 726 2750; x_wconf 89' lang='lat' dir='ltr'><strong>hiscum</strong></span> <span class='ocrx_word' id='word_1_143' title='bbox 742 2677 872 2777; x_wconf 90' lang='lat' dir='ltr'><strong>quibus</strong></span> <span class='ocrx_word' id='word_1_144' title='bbox 889 2675 1138 2777; x_wconf 87' lang='lat' dir='ltr'><strong>gradiebatur:</strong></span> <span class='ocrx_word' id='word_1_145' title='bbox 1158 2674 1304 2774; x_wconf 80' lang='lat' dir='ltr'><strong>Oportet</strong></span> 
     </span>
     <span class='ocr_line' id='line_1_21' title="bbox 244 2789 1304 2892; baseline -0.002 -30"><span class='ocrx_word' id='word_1_146' title='bbox 244 2818 301 2862; x_wconf 86' lang='lat' dir='ltr'><strong>me</strong></span> <span class='ocrx_word' id='word_1_147' title='bbox 323 2792 378 2862; x_wconf 87' lang='lat' dir='ltr'><strong>ad</strong></span> <span class='ocrx_word' id='word_1_148' title='bbox 399 2792 546 2865; x_wconf 88' lang='lat' dir='ltr'><strong>domum</strong></span> <span class='ocrx_word' id='word_1_149' title='bbox 567 2819 687 2865; x_wconf 76' lang='lat' dir='ltr'><strong>rreum</strong></span> <span class='ocrx_word' id='word_1_150' title='bbox 706 2798 846 2881; x_wconf 76' lang='lat' dir='ltr'><strong>reverti,</strong></span> <span class='ocrx_word' id='word_1_151' title='bbox 873 2796 962 2892; x_wconf 87' lang='lat' dir='ltr'><strong>quia</strong></span> <span class='ocrx_word' id='word_1_152' title='bbox 983 2818 1057 2862; x_wconf 89' lang='lat' dir='ltr'><strong>rem</strong></span> <span class='ocrx_word' id='word_1_153' title='bbox 1075 2789 1164 2860; x_wconf 80' lang='lat' dir='ltr'><strong>milti</strong></span> <span class='ocrx_word' id='word_1_154' title='bbox 1184 2813 1304 2861; x_wconf 85' lang='lat' dir='ltr'><strong>neces-</strong></span> 
     </span>
     <span class='ocr_line' id='line_1_22' title="bbox 243 2904 1303 2979; baseline -0.003 -2"><span class='ocrx_word' id='word_1_155' title='bbox 243 2907 383 2977; x_wconf 82' lang='lat' dir='ltr'><strong>sariam</strong></span> <span class='ocrx_word' id='word_1_156' title='bbox 400 2906 574 2979; x_wconf 81' lang='lat' dir='ltr'><strong>oblivioni</strong></span> <span class='ocrx_word' id='word_1_157' title='bbox 594 2907 745 2978; x_wconf 81' lang='lat' dir='ltr'><strong>tradidi.</strong></span> <span class='ocrx_word' id='word_1_158' title='bbox 776 2909 819 2977; x_wconf 94' lang='lat' dir='ltr'><em>V</em></span> <span class='ocrx_word' id='word_1_159' title='bbox 812 2934 851 2979; x_wconf 86' lang='lat' dir='ltr'><strong>os</strong></span> <span class='ocrx_word' id='word_1_160' title='bbox 873 2932 960 2978; x_wconf 83' lang='lat' dir='ltr'><strong>veru</strong></span> <span class='ocrx_word' id='word_1_161' title='bbox 982 2911 1020 2975; x_wconf 85' lang='lat' dir='ltr'><strong>in</strong></span> <span class='ocrx_word' id='word_1_162' title='bbox 1042 2904 1159 2975; x_wconf 85' lang='lat' dir='ltr'><strong>eundo</strong></span> <span class='ocrx_word' id='word_1_163' title='bbox 1180 2929 1303 2975; x_wconf 84' lang='lat' dir='ltr'><strong>morus</strong></span> 
     </span>
     <span class='ocr_line' id='line_1_23' title="bbox 244 3018 1303 3126; baseline -0.001 -35"><span class='ocrx_word' id='word_1_164' title='bbox 244 3023 422 3093; x_wconf 77' lang='lat' dir='ltr'><strong>imrectere</strong></span> <span class='ocrx_word' id='word_1_165' title='bbox 430 3023 552 3111; x_wconf 83' lang='lat' dir='ltr'><strong>nolite,</strong></span> <span class='ocrx_word' id='word_1_166' title='bbox 567 3026 656 3120; x_wconf 85' lang='lat' dir='ltr'><strong>quia</strong></span> <span class='ocrx_word' id='word_1_167' title='bbox 666 3024 824 3094; x_wconf 83' lang='lat' dir='ltr'><strong>celeriter</strong></span> <span class='ocrx_word' id='word_1_168' title='bbox 826 3048 1033 3126; x_wconf 81' lang='lat' dir='ltr'><strong>prosequar</strong></span> <span class='ocrx_word' id='word_1_169' title='bbox 1044 3048 1121 3092; x_wconf 86' lang='lat' dir='ltr'><strong>vos.</strong></span> <span class='ocrx_word' id='word_1_170' title='bbox 1136 3018 1303 3110; x_wconf 90' lang='lat' dir='ltr'><strong>Quicum</strong></span> 
     </span>
     <span class='ocr_line' id='line_1_24' title="bbox 244 3137 1304 3237; baseline -0.006 -27"><span class='ocrx_word' id='word_1_171' title='bbox 244 3137 413 3224; x_wconf 91' lang='lat' dir='ltr'><strong>domum,</strong></span> <span class='ocrx_word' id='word_1_172' title='bbox 431 3140 551 3237; x_wconf 88' lang='lat' dir='ltr'><strong>inqua</strong></span> <span class='ocrx_word' id='word_1_173' title='bbox 571 3139 629 3210; x_wconf 88' lang='lat' dir='ltr'><strong>illa</strong></span> <span class='ocrx_word' id='word_1_174' title='bbox 646 3140 777 3212; x_wconf 89' lang='lat' dir='ltr'><strong>mulier</strong></span> <span class='ocrx_word' id='word_1_175' title='bbox 795 3137 982 3225; x_wconf 84' lang='lat' dir='ltr'><strong>manebat,</strong></span> <span class='ocrx_word' id='word_1_176' title='bbox 1002 3150 1107 3209; x_wconf 91' lang='lat' dir='ltr'><strong>nocte</strong></span> <span class='ocrx_word' id='word_1_177' title='bbox 1126 3137 1304 3234; x_wconf 69' lang='lat' dir='ltr'><strong>ingressus</strong></span> 
     </span>
     <span class='ocr_line' id='line_1_25' title="bbox 245 3247 1305 3338; baseline -0.006 -13"><span class='ocrx_word' id='word_1_178' title='bbox 245 3268 353 3338; x_wconf 79' lang='lat' dir='ltr'><strong>esset,</strong></span> <span class='ocrx_word' id='word_1_179' title='bbox 375 3254 513 3325; x_wconf 88' lang='lat' dir='ltr'><strong>invenit</strong></span> <span class='ocrx_word' id='word_1_180' title='bbox 529 3254 609 3326; x_wconf 91' lang='lat' dir='ltr'><strong>illos</strong></span> <span class='ocrx_word' id='word_1_181' title='bbox 624 3253 898 3327; x_wconf 82' lang='lat' dir='ltr'><strong>discumbentes.</strong></span> <span class='ocrx_word' id='word_1_182' title='bbox 918 3257 969 3325; x_wconf 77' lang='lat' dir='ltr'><strong>At</strong></span> <span class='ocrx_word' id='word_1_183' title='bbox 987 3253 1044 3322; x_wconf 92' lang='lat' dir='ltr'><strong>illa</strong></span> <span class='ocrx_word' id='word_1_184' title='bbox 1058 3252 1179 3322; x_wconf 88' lang='lat' dir='ltr'><strong>statim</strong></span> <span class='ocrx_word' id='word_1_185' title='bbox 1195 3247 1305 3320; x_wconf 88' lang='lat' dir='ltr'><strong>dilec-</strong></span> 
     </span>
    </p>
   </div>
   <div class='ocr_carea' id='block_1_3' title="bbox 245 3367 1304 3935">
    <p class='ocr_par' dir='ltr' id='par_1_3' title="bbox 245 3367 1304 3935">
     <span class='ocr_line' id='line_1_26' title="bbox 247 3367 1304 3468; baseline -0.005 -29"><span class='ocrx_word' id='word_1_186' title='bbox 247 3371 318 3442; x_wconf 90' lang='lat' dir='ltr'><strong>tori</strong></span> <span class='ocrx_word' id='word_1_187' title='bbox 339 3395 404 3443; x_wconf 91' lang='lat' dir='ltr'><strong>suo</strong></span> <span class='ocrx_word' id='word_1_188' title='bbox 426 3368 619 3442; x_wconf 82' lang='lat' dir='ltr'><strong>adrentum</strong></span> <span class='ocrx_word' id='word_1_189' title='bbox 641 3375 714 3468; x_wconf 84' lang='lat' dir='ltr'><strong>ejus</strong></span> <span class='ocrx_word' id='word_1_190' title='bbox 739 3371 931 3442; x_wconf 80' lang='lat' dir='ltr'><strong>intimarit.</strong></span> <span class='ocrx_word' id='word_1_191' title='bbox 960 3368 1029 3460; x_wconf 90' lang='lat' dir='ltr'><strong>Qui</strong></span> <span class='ocrx_word' id='word_1_192' title='bbox 1056 3367 1170 3438; x_wconf 89' lang='lat' dir='ltr'><strong>securi</strong></span> <span class='ocrx_word' id='word_1_193' title='bbox 1193 3390 1304 3436; x_wconf 90' lang='lat' dir='ltr'><strong>mauu</strong></span> 
     </span>
     <span class='ocr_line' id='line_1_27' title="bbox 245 3482 1304 3587; baseline -0.004 -31"><span class='ocrx_word' id='word_1_194' title='bbox 245 3503 384 3586; x_wconf 83' lang='lat' dir='ltr'><strong>arrepta</strong></span> <span class='ocrx_word' id='word_1_195' title='bbox 403 3489 440 3560; x_wconf 90' lang='lat' dir='ltr'><strong>in</strong></span> <span class='ocrx_word' id='word_1_196' title='bbox 458 3490 573 3587; x_wconf 87' lang='lat' dir='ltr'><strong>capite</strong></span> <span class='ocrx_word' id='word_1_197' title='bbox 588 3489 689 3560; x_wconf 89' lang='lat' dir='ltr'><strong>illum</strong></span> <span class='ocrx_word' id='word_1_198' title='bbox 705 3490 897 3586; x_wconf 86' lang='lat' dir='ltr'><strong>percussit,</strong></span> <span class='ocrx_word' id='word_1_199' title='bbox 916 3504 952 3559; x_wconf 91' lang='lat' dir='ltr'><strong>et</strong></span> <span class='ocrx_word' id='word_1_200' title='bbox 968 3486 1166 3558; x_wconf 82' lang='lat' dir='ltr'><strong>exanimem</strong></span> <span class='ocrx_word' id='word_1_201' title='bbox 1183 3482 1304 3554; x_wconf 78' lang='lat' dir='ltr'><strong>reddi-</strong></span> 
     </span>
     <span class='ocr_line' id='line_1_28' title="bbox 245 3601 1302 3701; baseline -0.004 -28"><span class='ocrx_word' id='word_1_202' title='bbox 245 3604 312 3674; x_wconf 87' lang='lat' dir='ltr'><strong>dit.</strong></span> <span class='ocrx_word' id='word_1_203' title='bbox 332 3606 468 3678; x_wconf 89' lang='lat' dir='ltr'><strong>Deinde</strong></span> <span class='ocrx_word' id='word_1_204' title='bbox 482 3607 518 3678; x_wconf 93' lang='lat' dir='ltr'><strong>in</strong></span> <span class='ocrx_word' id='word_1_205' title='bbox 536 3633 676 3679; x_wconf 89' lang='lat' dir='ltr'><strong>saccum</strong></span> <span class='ocrx_word' id='word_1_206' title='bbox 694 3606 890 3679; x_wconf 84' lang='lat' dir='ltr'><strong>intromisit</strong></span> <span class='ocrx_word' id='word_1_207' title='bbox 908 3618 944 3677; x_wconf 89' lang='lat' dir='ltr'><strong>et</strong></span> <span class='ocrx_word' id='word_1_208' title='bbox 955 3603 1096 3701; x_wconf 87' lang='lat' dir='ltr'><strong>longius</strong></span> <span class='ocrx_word' id='word_1_209' title='bbox 1108 3601 1302 3698; x_wconf 78' lang='lat' dir='ltr'><strong>pertraxit,</strong></span> 
     </span>
     <span class='ocr_line' id='line_1_29' title="bbox 245 3715 1304 3822; baseline -0.004 -30"><span class='ocrx_word' id='word_1_210' title='bbox 245 3737 352 3820; x_wconf 85' lang='lat' dir='ltr'><strong>atque</strong></span> <span class='ocrx_word' id='word_1_211' title='bbox 364 3720 474 3794; x_wconf 90' lang='lat' dir='ltr'><strong>humo</strong></span> <span class='ocrx_word' id='word_1_212' title='bbox 488 3727 697 3822; x_wconf 89' lang='lat' dir='ltr'><strong>cooperiens</strong></span> <span class='ocrx_word' id='word_1_213' title='bbox 710 3725 883 3797; x_wconf 88' lang='lat' dir='ltr'><strong>occuluit.</strong></span> <span class='ocrx_word' id='word_1_214' title='bbox 900 3722 967 3814; x_wconf 88' lang='lat' dir='ltr'><strong>Qui</strong></span> <span class='ocrx_word' id='word_1_215' title='bbox 984 3745 1065 3790; x_wconf 89' lang='lat' dir='ltr'><strong>curn</strong></span> <span class='ocrx_word' id='word_1_216' title='bbox 1076 3733 1157 3817; x_wconf 88' lang='lat' dir='ltr'><strong>post</strong></span> <span class='ocrx_word' id='word_1_217' title='bbox 1170 3715 1304 3788; x_wconf 89' lang='lat' dir='ltr'><strong>multos</strong></span> 
     </span>
     <span class='ocr_line' id='line_1_30' title="bbox 246 3833 1300 3935; baseline -0.003 -29"><span class='ocrx_word' id='word_1_218' title='bbox 246 3834 320 3908; x_wconf 88' lang='lat' dir='ltr'><strong>dies</strong></span> <span class='ocrx_word' id='word_1_219' title='bbox 337 3838 502 3909; x_wconf 78' lang='lat' dir='ltr'><strong>inventus</strong></span> <span class='ocrx_word' id='word_1_220' title='bbox 516 3839 639 3911; x_wconf 87' lang='lat' dir='ltr'><strong>fuisset</strong></span> <span class='ocrx_word' id='word_1_221' title='bbox 652 3839 936 3935; x_wconf 78' lang='lat' dir='ltr'><strong>(denudaverant</strong></span> <span class='ocrx_word' id='word_1_222' title='bbox 953 3835 1049 3908; x_wconf 87' lang='lat' dir='ltr'><strong>enim</strong></span> <span class='ocrx_word' id='word_1_223' title='bbox 1063 3861 1144 3906; x_wconf 90' lang='lat' dir='ltr'><strong>enm</strong></span> <span class='ocrx_word' id='word_1_224' title='bbox 1158 3833 1300 3915; x_wconf 79' lang='lat' dir='ltr'><strong>bestiae,</strong></span> 
     </span>
    </p>
   </div>
   <div class='ocr_carea' id='block_1_4' title="bbox 807 4025 870 4032">
    <p class='ocr_par' dir='ltr' id='par_1_4' title="bbox 807 4025 870 4032">
     <span class='ocr_line' id='line_1_31' title="bbox 807 4025 870 4032; baseline 0 0"><span class='ocrx_word' id='word_1_225' title='bbox 807 4025 870 4032; x_wconf 47' lang='grc' dir='ltr'><strong>-ψ-</strong></span> 
     </span>
    </p>
   </div>
   <div class='ocr_carea' id='block_1_5' title="bbox 283 4103 1110 4265">
    <p class='ocr_par' dir='ltr' id='par_1_5' title="bbox 283 4103 1110 4265">
     <span class='ocr_line' id='line_1_32' title="bbox 283 4103 776 4171; baseline 0.008 -16"><span class='ocrx_word' id='word_1_226' title='bbox 283 4104 323 4168; x_wconf 86' lang='grc' dir='ltr'><strong>(ι)</strong></span> <span class='ocrx_word' id='word_1_227' title='bbox 341 4121 362 4153; x_wconf 89' lang='grc' dir='ltr'><strong>ι.</strong></span> <span class='ocrx_word' id='word_1_228' title='bbox 373 4104 502 4158; x_wconf 87' lang='lat' dir='ltr'><strong>Corinth.</strong></span> <span class='ocrx_word' id='word_1_229' title='bbox 517 4124 543 4171; x_wconf 76' lang='lat' dir='ltr'><strong>r,</strong></span> <span class='ocrx_word' id='word_1_230' title='bbox 561 4103 600 4159; x_wconf 81' lang='lat'><strong>15.</strong></span> <span class='ocrx_word' id='word_1_231' title='bbox 615 4136 650 4146; x_wconf 92' lang='lat'>—</span> <span class='ocrx_word' id='word_1_232' title='bbox 665 4124 718 4170; x_wconf 75' lang='lat' dir='ltr'><strong>vn,</strong></span> <span class='ocrx_word' id='word_1_233' title='bbox 737 4106 776 4159; x_wconf 84' lang='lat'><strong>15.</strong></span> 
     </span>
     <span class='ocr_line' id='line_1_33' title="bbox 283 4190 1110 4265; baseline 0.001 -24"><span class='ocrx_word' id='word_1_234' title='bbox 283 4191 322 4257; x_wconf 73' lang='lat' dir='ltr'><strong>(a)</strong></span> <span class='ocrx_word' id='word_1_235' title='bbox 339 4190 549 4244; x_wconf 78' lang='lat' dir='ltr'><strong>Probablcmcnt</strong></span> <span class='ocrx_word' id='word_1_236' title='bbox 562 4193 755 4259; x_wconf 56' lang='lat' dir='ltr'><strong>Sunt-Cillan,</strong></span> <span class='ocrx_word' id='word_1_237' title='bbox 769 4194 957 4265; x_wconf 71' lang='lat' dir='ltr'><strong>departemcut</strong></span> <span class='ocrx_word' id='word_1_238' title='bbox 971 4192 1010 4246; x_wconf 91' lang='lat' dir='ltr'><strong>du</strong></span> <span class='ocrx_word' id='word_1_239' title='bbox 1023 4190 1110 4248; x_wconf 85' lang='lat' dir='ltr'><strong>Gard.</strong></span> 
     </span>
    </p>
   </div>
   <div class='ocr_carea' id='block_1_6' title="bbox 0 0 1465 4980">
    <p class='ocr_par' dir='ltr' id='par_1_6' title="bbox 0 0 1465 4980">
     <span class='ocr_line' id='line_1_34' title="bbox 0 0 1465 4980; baseline 0 0"><span class='ocrx_word' id='word_1_240' title='bbox 0 0 1465 4980; x_wconf 95' lang='lat' dir='ltr'><strong> </strong></span> 
     </span>
    </p>
   </div>
  </div>
 </body>
</html>
