2910 4980
70 394 73 400 “
192 405 255 468 140
471 403 657 465 nuruum
679 401 985 465 accursnsncn
1076 392 1260 488 [arr-roso]

192 524 269 624 agri
291 522 344 594 sui
365 546 514 620 opernm
534 522 724 614 reviseret,
742 520 864 595 subito
879 549 898 594 a
915 519 1080 595 daemone
1098 539 1262 624 arreptam

193 654 265 728 est,
281 641 367 711 etin
383 651 525 710 tantum
541 652 687 711 vexatus
704 654 746 709 ut
759 663 850 736 pene
867 639 1083 712 incessanter
1097 637 1261 714 homines

192 753 363 829 devorare
382 769 421 827 et
436 779 589 853 quaeque
609 752 852 854 perfringere,
873 752 919 824 ab
936 750 1037 827 hoste
1055 747 1262 828 stimulare·

194 885 268 944 tur.
286 873 375 944 'l'res
392 872 510 970 itaque
527 869 656 944 fratres
668 869 722 942 sui
735 870 874 969 Jejunio
885 884 1044 970 quatuor
1055 884 1262 970 temporum

192 989 233 1061 in
249 988 357 1088 junio
373 986 418 1059 ad
435 985 598 1059 tumbam
613 986 651 1059 S.
668 986 795 1060 Judoci
813 987 978 1059 vinctum
994 981 1261 1086 perduxerunt,

192 1105 316 1206 ibique
327 1132 347 1177 a
357 1119 484 1205 quarta
495 1103 583 1178 feria
594 1130 707 1205 usque
718 1103 762 1176 ad
773 1100 962 1177 sabbatum
970 1099 1261 1204 permanserunt.

192 1223 334 1297 Exinde
349 1223 506 1323 quietius
521 1248 560 1295 se
577 1222 692 1320 coepit
711 1247 806 1321 aeger
820 1219 970 1309 habere,
988 1236 1025 1294 et
1042 1221 1182 1321 integra
1202 1247 1263 1294 re-

194 1357 295 1443 cepta
313 1343 483 1440 sospitate
499 1339 756 1441 perpetualiter
773 1340 810 1412 in
826 1365 969 1413 servum
985 1353 1110 1412 sancto
1124 1340 1145 1411 J
1147 1338 1263 1415 udoco

193 1459 342 1534 tradidit
362 1486 412 1533 se.
438 1461 516 1533 Hoc
538 1458 665 1534 eodem
685 1474 854 1558 rogante,
877 1458 914 1529 in
937 1456 1130 1532 festivitate
1151 1458 1263 1531 uncti

190 1576 341 1651 Joannis
373 1576 542 1674 Baptistae
562 1574 680 1648 Wido
711 1573 819 1647 abbas
849 1570 1042 1648 ambonem
1072 1571 1263 1647 ascendens

191 1691 332 1792 populo
353 1692 532 1780 narravit,
560 1692 748 1791 ipsumque
772 1704 987 1790 praesentem
1008 1705 1045 1765 et
1065 1716 1166 1763 casus
1182 1715 1263 1765 suos

192 1807 311 1905 palam
328 1820 590 1907 protestantem
610 1806 781 1880 ostendit.

244 1921 399 2016 Quidam
423 1921 592 2021 perfectae
618 1923 732 1995 aetatis
753 1949 819 2023 per
838 1948 892 1997 vn
921 1949 1035 1997 annos
1061 1924 1110 1997 ita
1135 1920 1262 1996 surdus

192 2043 342 2130 mansit,
362 2056 405 2114 ut
422 2039 514 2114 nihil
535 2042 679 2141 penitus
698 2041 851 2116 audiret.
876 2044 983 2115 Hunc
1006 2066 1100 2115 uxor
1123 2043 1199 2140 ejus
1220 2036 1263 2113 ad

194 2157 360 2231 tumbam
380 2159 494 2232 sancti
517 2159 586 2231 riri
609 2158 776 2248 adduxit,
795 2159 917 2261 ibique
938 2159 1164 2261 aliquantum
1180 2184 1263 2234 ora-

192 2276 258 2347 vit.
284 2274 423 2349 Deinde
439 2275 584 2365 mulier,
604 2275 756 2374 jubente
773 2275 963 2365 Pridiano,
981 2276 1100 2349 virum
1114 2274 1159 2348 ad
1174 2273 1263 2350 lon·

192 2409 267 2467 tem
280 2394 393 2466 sancti
409 2393 537 2466 Judoci
554 2393 743 2491 perduxit,
764 2406 800 2466 et
818 2408 873 2466 ter
890 2410 998 2493 caput
1013 2396 1088 2493 ejus
1105 2391 1264 2492 propriis

193 2509 359 2584 manibus
379 2537 527 2611 eraque
542 2510 656 2583 fontis
673 2510 847 2609 perfudit.
867 2513 954 2585 Mox
972 2509 1050 2582 audi
1057 2525 1135 2582 tum
1155 2534 1264 2584 recu·

191 2630 351 2729 paravit,
382 2628 490 2701 acad
521 2628 705 2702 ecclesiam
733 2654 936 2729 regressus,
965 2627 1129 2717 missam,
1154 2622 1265 2728 quam

192 2772 258 2844 per
279 2772 333 2820 vn
355 2772 469 2820 annos
490 2773 566 2820 non
586 2744 764 2835 audierat,
785 2745 934 2819 audivit.

243 2864 329 2936 Haec
346 2864 469 2936 omnia
492 2862 727 2936 Floriacensis
750 2862 974 2937 lsembardus
1005 2877 1104 2965 gesta
1126 2859 1265 2964 tempo-

194 2978 294 3053 ribus
312 2980 475 3081 Hugonis
490 2981 610 3081 Magni
628 3006 691 3053 seu
702 2978 878 3055 liodberti
892 2982 985 3082 regis
998 2979 1187 3054 Adelelmo
1201 2990 1265 3055 ro*

194 3095 331 3197 gitante
357 3094 564 3194 descripsit;
593 3095 653 3169 sed
675 3110 796 3195 postea
820 3095 943 3170 beatus
969 3094 1127 3169 Judocus
1149 3094 1264 3169 multa

194 3210 401 3313 petentibus
429 3209 602 3313 magnalia
630 3212 902 3311 (quamvisper
929 3213 1106 3284 incuriam
1131 3212 1264 3312 scripta

193 3353 270 3402 non
290 3328 385 3425 sint)
402 3354 505 3429 agere
519 3353 594 3402 nou
617 3327 766 3402 destitit.
788 3328 934 3401 Mutatis
962 3328 1062 3429 regni
1083 3327 1266 3428 principi-

196 3440 283 3531 bus,
301 3459 337 3517 et
353 3468 426 3516 sese
437 3441 648 3542 proceribus
660 3459 790 3516 mutuo
803 3440 1114 3542 perturbantibus,
1131 3443 1265 3517 iterum

197 3586 328 3659 corpus
350 3561 462 3634 sancti
485 3559 612 3635 Judoci
634 3584 702 3660 pro
725 3561 857 3637 timore
878 3558 1036 3633 hostium
1053 3575 1149 3633 terra
1174 3568 1264 3636 eod-

196 3689 342 3775 pertum
359 3691 430 3765 est,
450 3692 486 3750 et
501 3675 636 3750 tamdiu
651 3675 834 3776 itajacuit,
850 3673 965 3748 donec
979 3673 1150 3749 omnibus
1163 3700 1265 3750 mou

196 3792 266 3865 tuis
282 3793 346 3892 qui
363 3790 592 3883 abdiderant,
612 3794 815 3867 communis
834 3793 1037 3893 ignorantia
1054 3790 1260 3866 involverit.

196 3906 376 4008 Tempore
404 3909 550 3982 Henrici
579 3910 671 4010 regis
689 3911 932 3996 Francorum,
959 3905 1145 3983 monachis
1171 3933 1266 4007 saepe

197 4025 503 4124 conquerentibus
516 4025 614 4128 quod
632 4028 843 4128 ignorarent
856 4024 919 4098 ubi
939 4041 1115 4126 patronus
1136 4050 1265 4102 eorum

194 4138 432 4238 requiesceret
447 4141 623 4229 Judocus,
645 4143 786 4218 cuidam
807 4141 960 4243 simplici
983 4140 1074 4215 laico
1091 4140 1264 4215 divinitus
