<?xml version="1.0" encoding="UTF-8"?>
<!DOCTYPE html PUBLIC "-//W3C//DTD XHTML 1.0 Transitional//EN"
    "http://www.w3.org/TR/xhtml1/DTD/xhtml1-transitional.dtd">
<html xmlns="http://www.w3.org/1999/xhtml" xml:lang="en" lang="en">
 <head>
  <title>
</title>
<meta http-equiv="Content-Type" content="text/html;charset=utf-8" />
  <meta name='ocr-system' content='tesseract 3.04.00' />
  <meta name='ocr-capabilities' content='ocr_page ocr_carea ocr_par ocr_line ocrx_word'/>
</head>
<body>
  <div class='ocr_page' id='page_1' title='image "./ordericivitalis01deligoog/ordericivitalis01deligoog_0408.png"; bbox 0 0 2910 4980; ppageno 0'>
   <div class='ocr_carea' id='block_1_1' title="bbox 172 490 1231 580">
    <p class='ocr_par' dir='ltr' id='par_1_1' title="bbox 172 490 1231 580">
     <span class='ocr_line' id='line_1_1' title="bbox 172 490 1231 580; baseline -0.012 -17"><span class='ocrx_word' id='word_1_1' title='bbox 172 499 374 580; x_wconf 67' lang='lat' dir='ltr'><strong>[scamna]</strong></span> <span class='ocrx_word' id='word_1_2' title='bbox 536 491 657 555; x_wconf 79' lang='lat' dir='ltr'><strong>rnen</strong></span> <span class='ocrx_word' id='word_1_3' title='bbox 678 490 861 568; x_wconf 86' lang='lat' dir='ltr'><strong>ounrus.</strong></span> <span class='ocrx_word' id='word_1_4' title='bbox 1171 490 1231 551; x_wconf 84' lang='lat' dir='ltr'><strong>ass</strong></span> 
     </span>
    </p>
   </div>
   <div class='ocr_carea' id='block_1_2' title="bbox 172 607 1310 3399">
    <p class='ocr_par' dir='ltr' id='par_1_2' title="bbox 172 607 1310 3399">
     <span class='ocr_line' id='line_1_2' title="bbox 216 607 1232 710; baseline -0.012 -21"><span class='ocrx_word' id='word_1_5' title='bbox 216 615 303 689; x_wconf 82' lang='grc' dir='ltr'><strong>ΧΠ.</strong></span> <span class='ocrx_word' id='word_1_6' title='bbox 322 615 492 687; x_wconf 85' lang='lat' dir='ltr'><strong>AEternus</strong></span> <span class='ocrx_word' id='word_1_7' title='bbox 510 608 703 710; x_wconf 76' lang='lat' dir='ltr'><strong>dispositor</strong></span> <span class='ocrx_word' id='word_1_8' title='bbox 721 635 845 683; x_wconf 90' lang='lat' dir='ltr'><strong>rerum</strong></span> <span class='ocrx_word' id='word_1_9' title='bbox 867 631 996 680; x_wconf 90' lang='lat' dir='ltr'><strong>navem</strong></span> <span class='ocrx_word' id='word_1_10' title='bbox 1016 612 1119 679; x_wconf 85' lang='lat' dir='ltr'><strong>suam¹</strong></span> <span class='ocrx_word' id='word_1_11' title='bbox 1135 607 1232 679; x_wconf 89' lang='lat' dir='ltr'><strong>inter</strong></span> 
     </span>
     <span class='ocr_line' id='line_1_3' title="bbox 172 721 1230 833; baseline -0.009 -28"><span class='ocrx_word' id='word_1_12' title='bbox 172 731 344 833; x_wconf 85' lang='lat' dir='ltr'><strong>proeellas</strong></span> <span class='ocrx_word' id='word_1_13' title='bbox 363 728 484 804; x_wconf 85' lang='lat' dir='ltr'><strong>saeculi</strong></span> <span class='ocrx_word' id='word_1_14' title='bbox 501 742 670 828; x_wconf 87' lang='lat' dir='ltr'><strong>potenter</strong></span> <span class='ocrx_word' id='word_1_15' title='bbox 681 725 781 800; x_wconf 90' lang='lat' dir='ltr'><strong>vehit</strong></span> <span class='ocrx_word' id='word_1_16' title='bbox 797 741 833 800; x_wconf 88' lang='lat' dir='ltr'><strong>et</strong></span> <span class='ocrx_word' id='word_1_17' title='bbox 845 726 1023 825; x_wconf 79' lang='lat' dir='ltr'><strong>sapienter</strong></span> <span class='ocrx_word' id='word_1_18' title='bbox 1034 721 1230 824; x_wconf 83' lang='lat' dir='ltr'>gubernat,</span> 
     </span>
     <span class='ocr_line' id='line_1_4' title="bbox 172 837 1234 942; baseline -0.009 -22"><span class='ocrx_word' id='word_1_19' title='bbox 172 863 205 921; x_wconf 86' lang='lat' dir='ltr'><strong>et</strong></span> <span class='ocrx_word' id='word_1_20' title='bbox 223 846 262 919; x_wconf 93' lang='lat' dir='ltr'><strong>in</strong></span> <span class='ocrx_word' id='word_1_21' title='bbox 275 846 377 919; x_wconf 90' lang='lat' dir='ltr'><strong>vinea</strong></span> <span class='ocrx_word' id='word_1_22' title='bbox 394 869 456 916; x_wconf 88' lang='lat' dir='ltr'><strong>sua</strong></span> <span class='ocrx_word' id='word_1_23' title='bbox 469 842 618 918; x_wconf 89' lang='lat' dir='ltr'><strong>colonos</strong></span> <span class='ocrx_word' id='word_1_24' title='bbox 633 840 795 942; x_wconf 78' lang='lat' dir='ltr'><strong>quotidie</strong></span> <span class='ocrx_word' id='word_1_25' title='bbox 810 838 1012 915; x_wconf 73' lang='lat' dir='ltr'><strong>laborantes</strong></span> <span class='ocrx_word' id='word_1_26' title='bbox 1027 837 1234 939; x_wconf 83' lang='lat' dir='ltr'><strong>benigniter</strong></span> 
     </span>
     <span class='ocr_line' id='line_1_5' title="bbox 172 956 1235 1064; baseline -0.007 -27"><span class='ocrx_word' id='word_1_27' title='bbox 172 963 325 1064; x_wconf 77' lang='lat' dir='ltr'><strong>adjuvat,</strong></span> <span class='ocrx_word' id='word_1_28' title='bbox 339 977 446 1062; x_wconf 87' lang='lat' dir='ltr'><strong>atque</strong></span> <span class='ocrx_word' id='word_1_29' title='bbox 460 958 641 1033; x_wconf 83' lang='lat' dir='ltr'><strong>infusione</strong></span> <span class='ocrx_word' id='word_1_30' title='bbox 653 958 808 1033; x_wconf 86' lang='lat' dir='ltr'><strong>coelestis</strong></span> <span class='ocrx_word' id='word_1_31' title='bbox 820 958 944 1057; x_wconf 76' lang='lat' dir='ltr'><strong>gratiae</strong></span> <span class='ocrx_word' id='word_1_32' title='bbox 957 973 1083 1033; x_wconf 89' lang='lat' dir='ltr'><strong>contra</strong></span> <span class='ocrx_word' id='word_1_33' title='bbox 1096 956 1235 1030; x_wconf 90' lang='lat' dir='ltr'><strong>labores</strong></span> 
     </span>
     <span class='ocr_line' id='line_1_6' title="bbox 172 1072 1236 1180; baseline -0.011 -24"><span class='ocrx_word' id='word_1_34' title='bbox 172 1095 207 1156; x_wconf 86' lang='lat' dir='ltr'><strong>et</strong></span> <span class='ocrx_word' id='word_1_35' title='bbox 219 1079 379 1180; x_wconf 88' lang='lat' dir='ltr'><strong>pericula</strong></span> <span class='ocrx_word' id='word_1_36' title='bbox 392 1077 619 1154; x_wconf 85' lang='lat' dir='ltr'><strong>corroborat.</strong></span> <span class='ocrx_word' id='word_1_37' title='bbox 634 1081 691 1152; x_wconf 90' lang='lat' dir='ltr'><strong>En</strong></span> <span class='ocrx_word' id='word_1_38' title='bbox 704 1077 896 1151; x_wconf 87' lang='lat' dir='ltr'><strong>Ecclesiam</strong></span> <span class='ocrx_word' id='word_1_39' title='bbox 908 1103 1006 1149; x_wconf 90' lang='lat' dir='ltr'><strong>suam</strong></span> <span class='ocrx_word' id='word_1_40' title='bbox 1024 1077 1120 1148; x_wconf 91' lang='lat' dir='ltr'><strong>inter</strong></span> <span class='ocrx_word' id='word_1_41' title='bbox 1133 1072 1236 1148; x_wconf 88' lang='lat' dir='ltr'><strong>belli·</strong></span> 
     </span>
     <span class='ocr_line' id='line_1_7' title="bbox 172 1191 1233 1294; baseline -0.007 -24"><span class='ocrx_word' id='word_1_42' title='bbox 172 1220 274 1271; x_wconf 85' lang='lat' dir='ltr'><strong>cosos</strong></span> <span class='ocrx_word' id='word_1_43' title='bbox 293 1196 470 1268; x_wconf 88' lang='lat' dir='ltr'><strong>tumultus</strong></span> <span class='ocrx_word' id='word_1_44' title='bbox 486 1210 523 1267; x_wconf 90' lang='lat' dir='ltr'><strong>et</strong></span> <span class='ocrx_word' id='word_1_45' title='bbox 544 1194 715 1269; x_wconf 88' lang='lat' dir='ltr'><strong>militares</strong></span> <span class='ocrx_word' id='word_1_46' title='bbox 733 1196 903 1294; x_wconf 89' lang='lat' dir='ltr'><strong>strepitus</strong></span> <span class='ocrx_word' id='word_1_47' title='bbox 918 1193 1067 1293; x_wconf 87' lang='lat' dir='ltr'><strong>provide</strong></span> <span class='ocrx_word' id='word_1_48' title='bbox 1084 1191 1233 1290; x_wconf 79' lang='lat' dir='ltr'><strong>dirigit,</strong></span> 
     </span>
     <span class='ocr_line' id='line_1_8' title="bbox 172 1306 1232 1414; baseline -0.008 -27"><span class='ocrx_word' id='word_1_49' title='bbox 172 1310 407 1414; x_wconf 80' lang='lat' dir='ltr'><strong>pluribusque</strong></span> <span class='ocrx_word' id='word_1_50' title='bbox 430 1313 545 1386; x_wconf 91' lang='lat' dir='ltr'><strong>modis</strong></span> <span class='ocrx_word' id='word_1_51' title='bbox 562 1312 825 1413; x_wconf 83' lang='lat' dir='ltr'><strong>augmentando</strong></span> <span class='ocrx_word' id='word_1_52' title='bbox 844 1311 1036 1384; x_wconf 84' lang='lat' dir='ltr'><strong>salubriter</strong></span> <span class='ocrx_word' id='word_1_53' title='bbox 1050 1306 1232 1406; x_wconf 90' lang='lat' dir='ltr'><strong>provebit.</strong></span> 
     </span>
     <span class='ocr_line' id='line_1_9' title="bbox 172 1428 1310 1529; baseline -0.011 -24"><span class='ocrx_word' id='word_1_54' title='bbox 172 1430 250 1505; x_wconf 79' lang='lat' dir='ltr'><strong>Hoc</strong></span> <span class='ocrx_word' id='word_1_55' title='bbox 262 1429 432 1503; x_wconf 85' lang='lat' dir='ltr'><strong>Uticense</strong></span> <span class='ocrx_word' id='word_1_56' title='bbox 443 1430 702 1503; x_wconf 89' lang='lat' dir='ltr'><strong>monasterium</strong></span> <span class='ocrx_word' id='word_1_57' title='bbox 715 1428 953 1529; x_wconf 85' lang='lat' dir='ltr'><strong>plausibiliter</strong></span> <span class='ocrx_word' id='word_1_58' title='bbox 964 1440 1151 1525; x_wconf 86' lang='lat' dir='ltr'><strong>expertum</strong></span> <span class='ocrx_word' id='word_1_59' title='bbox 1164 1438 1234 1511; x_wconf 89' lang='lat' dir='ltr'><strong>est,</strong></span> <span class='ocrx_word' id='word_1_60' title='bbox 1304 1449 1310 1468; x_wconf 82' lang='lat'><strong>.</strong></span> 
     </span>
     <span class='ocr_line' id='line_1_10' title="bbox 172 1541 1238 1646; baseline -0.008 -27"><span class='ocrx_word' id='word_1_61' title='bbox 172 1543 273 1646; x_wconf 67' lang='lat' dir='ltr'><strong>quod</strong></span> <span class='ocrx_word' id='word_1_62' title='bbox 294 1545 332 1617; x_wconf 90' lang='lat' dir='ltr'><strong>in</strong></span> <span class='ocrx_word' id='word_1_63' title='bbox 351 1545 462 1618; x_wconf 86' lang='lat' dir='ltr'><strong>sterili</strong></span> <span class='ocrx_word' id='word_1_64' title='bbox 480 1571 588 1634; x_wconf 91' lang='lat' dir='ltr'><strong>rure,</strong></span> <span class='ocrx_word' id='word_1_65' title='bbox 608 1560 645 1618; x_wconf 89' lang='lat' dir='ltr'><strong>et</strong></span> <span class='ocrx_word' id='word_1_66' title='bbox 669 1546 765 1619; x_wconf 86' lang='lat' dir='ltr'><strong>inter</strong></span> <span class='ocrx_word' id='word_1_67' title='bbox 780 1545 951 1646; x_wconf 83' lang='lat' dir='ltr'><strong>pessimos</strong></span> <span class='ocrx_word' id='word_1_68' title='bbox 973 1543 1092 1615; x_wconf 89' lang='lat' dir='ltr'><strong>affines</strong></span> <span class='ocrx_word' id='word_1_69' title='bbox 1114 1541 1238 1613; x_wconf 92' lang='lat' dir='ltr'><strong>consi-</strong></span> 
     </span>
     <span class='ocr_line' id='line_1_11' title="bbox 172 1656 1237 1762; baseline -0.008 -25"><span class='ocrx_word' id='word_1_70' title='bbox 172 1676 251 1737; x_wconf 80' lang='lat' dir='ltr'><strong>tum</strong></span> <span class='ocrx_word' id='word_1_71' title='bbox 269 1675 323 1736; x_wconf 86' lang='lat' dir='ltr'><strong>est</strong></span> <span class='ocrx_word' id='word_1_72' title='bbox 333 1717 344 1751; x_wconf 94' lang='lat'><strong>,</strong></span> <span class='ocrx_word' id='word_1_73' title='bbox 363 1661 423 1736; x_wconf 91' lang='lat' dir='ltr'><strong>sed</strong></span> <span class='ocrx_word' id='word_1_74' title='bbox 439 1688 508 1762; x_wconf 88' lang='lat' dir='ltr'><strong>ope</strong></span> <span class='ocrx_word' id='word_1_75' title='bbox 533 1688 697 1762; x_wconf 86' lang='lat' dir='ltr'><strong>supernae</strong></span> <span class='ocrx_word' id='word_1_76' title='bbox 715 1662 854 1762; x_wconf 90' lang='lat' dir='ltr'><strong>pietatis</strong></span> <span class='ocrx_word' id='word_1_77' title='bbox 871 1678 998 1735; x_wconf 90' lang='lat' dir='ltr'><strong>contra</strong></span> <span class='ocrx_word' id='word_1_78' title='bbox 1015 1656 1237 1759; x_wconf 88' lang='lat' dir='ltr'><strong>perfidorum</strong></span> 
     </span>
     <span class='ocr_line' id='line_1_12' title="bbox 172 1774 1238 1854; baseline -0.007 -2"><span class='ocrx_word' id='word_1_79' title='bbox 172 1778 332 1853; x_wconf 88' lang='lat' dir='ltr'><strong>minaces</strong></span> <span class='ocrx_word' id='word_1_80' title='bbox 366 1795 514 1853; x_wconf 89' lang='lat' dir='ltr'><strong>conatus</strong></span> <span class='ocrx_word' id='word_1_81' title='bbox 549 1778 773 1853; x_wconf 85' lang='lat' dir='ltr'><strong>defensatum</strong></span> <span class='ocrx_word' id='word_1_82' title='bbox 809 1795 875 1854; x_wconf 89' lang='lat' dir='ltr'><strong>est.</strong></span> <span class='ocrx_word' id='word_1_83' title='bbox 910 1778 1105 1851; x_wconf 90' lang='lat' dir='ltr'><strong>Mainerius</strong></span> <span class='ocrx_word' id='word_1_84' title='bbox 1132 1774 1238 1848; x_wconf 90' lang='lat' dir='ltr'><strong>abbas</strong></span> 
     </span>
     <span class='ocr_line' id='line_1_13' title="bbox 172 1894 1240 1996; baseline -0.007 -25"><span class='ocrx_word' id='word_1_85' title='bbox 172 1921 298 1971; x_wconf 83' lang='lat' dir='ltr'><strong>mense</strong></span> <span class='ocrx_word' id='word_1_86' title='bbox 323 1896 415 1994; x_wconf 89' lang='lat' dir='ltr'><strong>julio</strong></span> <span class='ocrx_word' id='word_1_87' title='bbox 445 1895 550 1996; x_wconf 86' lang='lat' dir='ltr'><strong>hujus</strong></span> <span class='ocrx_word' id='word_1_88' title='bbox 585 1897 741 1970; x_wconf 88' lang='lat' dir='ltr'><strong>ecclesiae</strong></span> <span class='ocrx_word' id='word_1_89' title='bbox 776 1923 899 1968; x_wconf 90' lang='lat' dir='ltr'><strong>curam</strong></span> <span class='ocrx_word' id='word_1_90' title='bbox 927 1896 1102 1993; x_wconf 86' lang='lat' dir='ltr'><strong>suscepit,</strong></span> <span class='ocrx_word' id='word_1_91' title='bbox 1136 1894 1240 1993; x_wconf 89' lang='lat' dir='ltr'><strong>eique</strong></span> 
     </span>
     <span class='ocr_line' id='line_1_14' title="bbox 172 2010 1238 2110; baseline -0.006 -23"><span class='ocrx_word' id='word_1_92' title='bbox 172 2036 253 2087; x_wconf 78' lang='lat' dir='ltr'><strong>uu</strong></span> <span class='ocrx_word' id='word_1_93' title='bbox 290 2012 393 2108; x_wconf 89' lang='lat' dir='ltr'><strong>annis</strong></span> <span class='ocrx_word' id='word_1_94' title='bbox 431 2029 468 2086; x_wconf 91' lang='lat' dir='ltr'><strong>et</strong></span> <span class='ocrx_word' id='word_1_95' title='bbox 500 2037 568 2086; x_wconf 81' lang='grc' dir='ltr'>νιιι</span> <span class='ocrx_word' id='word_1_96' title='bbox 603 2012 785 2086; x_wconf 89' lang='lat' dir='ltr'><strong>mensibus</strong></span> <span class='ocrx_word' id='word_1_97' title='bbox 817 2013 957 2086; x_wconf 88' lang='lat' dir='ltr'><strong>utiliter</strong></span> <span class='ocrx_word' id='word_1_98' title='bbox 992 2010 1136 2110; x_wconf 76' lang='lat' dir='ltr'><strong>praefuit</strong></span> <span class='ocrx_word' id='word_1_99' title='bbox 1166 2010 1238 2107; x_wconf 84' lang='lat'><strong>(1)</strong></span> 
     </span>
     <span class='ocr_line' id='line_1_15' title="bbox 172 2126 1241 2231; baseline -0.004 -29"><span class='ocrx_word' id='word_1_100' title='bbox 172 2129 290 2204; x_wconf 80' lang='lat' dir='ltr'><strong>l&#39;orro</strong></span> <span class='ocrx_word' id='word_1_101' title='bbox 303 2154 381 2202; x_wconf 87' lang='lat' dir='ltr'><strong>xc11</strong></span> <span class='ocrx_word' id='word_1_102' title='bbox 398 2128 607 2218; x_wconf 90' lang='lat' dir='ltr'><strong>monachos,</strong></span> <span class='ocrx_word' id='word_1_103' title='bbox 627 2129 671 2203; x_wconf 91' lang='lat' dir='ltr'><strong>ad</strong></span> <span class='ocrx_word' id='word_1_104' title='bbox 688 2129 865 2231; x_wconf 86' lang='lat' dir='ltr'><strong>agendum</strong></span> <span class='ocrx_word' id='word_1_105' title='bbox 878 2155 969 2229; x_wconf 89' lang='lat' dir='ltr'><strong>opus</strong></span> <span class='ocrx_word' id='word_1_106' title='bbox 980 2129 1062 2216; x_wconf 89' lang='lat' dir='ltr'><strong>Dei,</strong></span> <span class='ocrx_word' id='word_1_107' title='bbox 1077 2126 1241 2226; x_wconf 91' lang='lat' dir='ltr'><strong>pruden-</strong></span> 
     </span>
     <span class='ocr_line' id='line_1_16' title="bbox 172 2242 1241 2349; baseline -0.007 -26"><span class='ocrx_word' id='word_1_108' title='bbox 172 2247 289 2323; x_wconf 78' lang='lat' dir='ltr'><strong>scrin</strong></span> <span class='ocrx_word' id='word_1_109' title='bbox 306 2249 382 2345; x_wconf 88' lang='lat' dir='ltr'><strong>ejus</strong></span> <span class='ocrx_word' id='word_1_110' title='bbox 400 2247 493 2322; x_wconf 87' lang='lat' dir='ltr'><strong>ovile</strong></span> <span class='ocrx_word' id='word_1_111' title='bbox 510 2248 640 2321; x_wconf 88' lang='lat' dir='ltr'><strong>locavit</strong></span> <span class='ocrx_word' id='word_1_112' title='bbox 646 2302 658 2338; x_wconf 90' lang='lat'><strong>,</strong></span> <span class='ocrx_word' id='word_1_113' title='bbox 677 2264 714 2322; x_wconf 89' lang='lat' dir='ltr'><strong>et</strong></span> <span class='ocrx_word' id='word_1_114' title='bbox 730 2247 885 2349; x_wconf 71' lang='lat' dir='ltr'><strong>qualiter</strong></span> <span class='ocrx_word' id='word_1_115' title='bbox 903 2245 1037 2319; x_wconf 88' lang='lat' dir='ltr'><strong>ibidem</strong></span> <span class='ocrx_word' id='word_1_116' title='bbox 1055 2242 1184 2318; x_wconf 90' lang='lat' dir='ltr'><strong>babere</strong></span> <span class='ocrx_word' id='word_1_117' title='bbox 1204 2269 1241 2316; x_wconf 88' lang='lat' dir='ltr'><strong>se</strong></span> 
     </span>
     <span class='ocr_line' id='line_1_17' title="bbox 172 2359 1242 2452; baseline -0.003 -17"><span class='ocrx_word' id='word_1_118' title='bbox 172 2359 364 2452; x_wconf 82' lang='lat' dir='ltr'><strong>deberent,</strong></span> <span class='ocrx_word' id='word_1_119' title='bbox 375 2361 532 2437; x_wconf 89' lang='lat' dir='ltr'><strong>studiose</strong></span> <span class='ocrx_word' id='word_1_120' title='bbox 543 2365 714 2438; x_wconf 87' lang='lat' dir='ltr'><strong>instituit.</strong></span> <span class='ocrx_word' id='word_1_121' title='bbox 726 2366 911 2439; x_wconf 89' lang='lat' dir='ltr'><strong>Basilicam</strong></span> <span class='ocrx_word' id='word_1_122' title='bbox 920 2388 1007 2437; x_wconf 89' lang='lat' dir='ltr'><strong>vero</strong></span> <span class='ocrx_word' id='word_1_123' title='bbox 1016 2388 1161 2449; x_wconf 89' lang='lat' dir='ltr'><strong>novam,</strong></span> <span class='ocrx_word' id='word_1_124' title='bbox 1174 2360 1242 2433; x_wconf 92' lang='lat' dir='ltr'><strong>do-</strong></span> 
     </span>
     <span class='ocr_line' id='line_1_18' title="bbox 172 2477 1242 2578; baseline 0 -27"><span class='ocrx_word' id='word_1_125' title='bbox 172 2501 327 2578; x_wconf 87' lang='lat' dir='ltr'><strong>mosque</strong></span> <span class='ocrx_word' id='word_1_126' title='bbox 343 2477 528 2554; x_wconf 91' lang='lat' dir='ltr'><strong>monachis</strong></span> <span class='ocrx_word' id='word_1_127' title='bbox 545 2482 755 2554; x_wconf 89' lang='lat' dir='ltr'><strong>necessarias</strong></span> <span class='ocrx_word' id='word_1_128' title='bbox 773 2497 982 2555; x_wconf 86' lang='lat' dir='ltr'><strong>construere</strong></span> <span class='ocrx_word' id='word_1_129' title='bbox 997 2480 1111 2578; x_wconf 85' lang='lat' dir='ltr'><strong>coepit</strong></span> <span class='ocrx_word' id='word_1_130' title='bbox 1119 2533 1130 2567; x_wconf 92' lang='lat'><strong>,</strong></span> <span class='ocrx_word' id='word_1_131' title='bbox 1150 2478 1242 2551; x_wconf 89' lang='lat' dir='ltr'><strong>Deo·</strong></span> 
     </span>
     <span class='ocr_line' id='line_1_19' title="bbox 172 2594 1243 2698; baseline -0.001 -31"><span class='ocrx_word' id='word_1_132' title='bbox 172 2619 247 2696; x_wconf 69' lang='lat' dir='ltr'><strong>que</strong></span> <span class='ocrx_word' id='word_1_133' title='bbox 272 2594 474 2692; x_wconf 85' lang='lat' dir='ltr'><strong>opitulante</strong></span> <span class='ocrx_word' id='word_1_134' title='bbox 501 2613 554 2668; x_wconf 86' lang='lat' dir='ltr'><strong>sat</strong></span> <span class='ocrx_word' id='word_1_135' title='bbox 578 2597 759 2698; x_wconf 85' lang='lat' dir='ltr'><strong>eleganter</strong></span> <span class='ocrx_word' id='word_1_136' title='bbox 778 2601 815 2671; x_wconf 92' lang='lat' dir='ltr'><strong>in</strong></span> <span class='ocrx_word' id='word_1_137' title='bbox 834 2600 982 2698; x_wconf 85' lang='lat' dir='ltr'><strong>regione</strong></span> <span class='ocrx_word' id='word_1_138' title='bbox 998 2596 1134 2671; x_wconf 89' lang='lat' dir='ltr'><strong>deserta</strong></span> <span class='ocrx_word' id='word_1_139' title='bbox 1153 2620 1243 2667; x_wconf 90' lang='lat' dir='ltr'><strong>con-</strong></span> 
     </span>
     <span class='ocr_line' id='line_1_20' title="bbox 172 2713 1243 2816; baseline 0 -33"><span class='ocrx_word' id='word_1_140' title='bbox 172 2713 379 2785; x_wconf 78' lang='lat' dir='ltr'><strong>summavit.</strong></span> <span class='ocrx_word' id='word_1_141' title='bbox 415 2713 514 2787; x_wconf 90' lang='lat' dir='ltr'><strong>Bona</strong></span> <span class='ocrx_word' id='word_1_142' title='bbox 552 2714 645 2787; x_wconf 88' lang='lat' dir='ltr'><strong>sama</strong></span> <span class='ocrx_word' id='word_1_143' title='bbox 679 2717 863 2816; x_wconf 83' lang='lat' dir='ltr'><strong>religionis</strong></span> <span class='ocrx_word' id='word_1_144' title='bbox 900 2742 1028 2790; x_wconf 89' lang='lat' dir='ltr'><strong>eorum</strong></span> <span class='ocrx_word' id='word_1_145' title='bbox 1058 2715 1243 2787; x_wconf 86' lang='lat' dir='ltr'><strong>Uticenses</strong></span> 
     </span>
     <span class='ocr_line' id='line_1_21' title="bbox 172 2826 1244 2935; baseline 0.001 -32"><span class='ocrx_word' id='word_1_146' title='bbox 172 2826 335 2903; x_wconf 85' lang='lat' dir='ltr'><strong>ubertim</strong></span> <span class='ocrx_word' id='word_1_147' title='bbox 352 2829 576 2923; x_wconf 85' lang='lat' dir='ltr'><strong>nobilitavit,</strong></span> <span class='ocrx_word' id='word_1_148' title='bbox 593 2850 630 2907; x_wconf 91' lang='lat' dir='ltr'><strong>et</strong></span> <span class='ocrx_word' id='word_1_149' title='bbox 645 2835 779 2909; x_wconf 87' lang='lat' dir='ltr'><strong>multos</strong></span> <span class='ocrx_word' id='word_1_150' title='bbox 796 2852 963 2935; x_wconf 87' lang='lat' dir='ltr'><strong>potentes</strong></span> <span class='ocrx_word' id='word_1_151' title='bbox 978 2849 1087 2934; x_wconf 86' lang='lat' dir='ltr'><strong>atque</strong></span> <span class='ocrx_word' id='word_1_152' title='bbox 1102 2830 1244 2905; x_wconf 88' lang='lat' dir='ltr'><strong>medio·</strong></span> 
     </span>
     <span class='ocr_line' id='line_1_22' title="bbox 172 2945 1245 3052; baseline 0.001 -32"><span class='ocrx_word' id='word_1_153' title='bbox 172 2970 252 3020; x_wconf 83' lang='lat' dir='ltr'><strong>eres</strong></span> <span class='ocrx_word' id='word_1_154' title='bbox 282 2945 327 3018; x_wconf 92' lang='lat' dir='ltr'><strong>ad</strong></span> <span class='ocrx_word' id='word_1_155' title='bbox 354 2975 513 3024; x_wconf 89' lang='lat' dir='ltr'><strong>amorem</strong></span> <span class='ocrx_word' id='word_1_156' title='bbox 547 2976 674 3024; x_wconf 87' lang='lat' dir='ltr'><strong>eorum</strong></span> <span class='ocrx_word' id='word_1_157' title='bbox 703 2954 927 3052; x_wconf 89' lang='lat' dir='ltr'><strong>provocavit.</strong></span> <span class='ocrx_word' id='word_1_158' title='bbox 959 2952 1084 3025; x_wconf 89' lang='lat' dir='ltr'><strong>Plures</strong></span> <span class='ocrx_word' id='word_1_159' title='bbox 1112 2948 1156 3021; x_wconf 92' lang='lat' dir='ltr'><strong>ad</strong></span> <span class='ocrx_word' id='word_1_160' title='bbox 1185 2974 1245 3022; x_wconf 92' lang='lat' dir='ltr'><strong>eos</strong></span> 
     </span>
     <span class='ocr_line' id='line_1_23' title="bbox 172 3064 1245 3158; baseline 0.001 -23"><span class='ocrx_word' id='word_1_161' title='bbox 172 3083 437 3156; x_wconf 89' lang='lat' dir='ltr'><strong>cucurrerunt,</strong></span> <span class='ocrx_word' id='word_1_162' title='bbox 459 3083 500 3138; x_wconf 90' lang='lat' dir='ltr'><strong>ut</strong></span> <span class='ocrx_word' id='word_1_163' title='bbox 519 3068 568 3139; x_wconf 90' lang='lat' dir='ltr'><strong>eis</strong></span> <span class='ocrx_word' id='word_1_164' title='bbox 589 3070 756 3144; x_wconf 87' lang='lat' dir='ltr'><strong>societate</strong></span> <span class='ocrx_word' id='word_1_165' title='bbox 777 3086 1024 3158; x_wconf 87' lang='lat' dir='ltr'><strong>necterentur,</strong></span> <span class='ocrx_word' id='word_1_166' title='bbox 1048 3083 1085 3142; x_wconf 85' lang='lat' dir='ltr'><strong>et</strong></span> <span class='ocrx_word' id='word_1_167' title='bbox 1103 3064 1245 3139; x_wconf 89' lang='lat' dir='ltr'><strong>benefi-</strong></span> 
     </span>
     <span class='ocr_line' id='line_1_24' title="bbox 172 3179 1244 3285; baseline 0 -33"><span class='ocrx_word' id='word_1_168' title='bbox 172 3179 318 3252; x_wconf 85' lang='lat' dir='ltr'><strong>ciorum</strong></span> <span class='ocrx_word' id='word_1_169' title='bbox 329 3182 520 3281; x_wconf 88' lang='lat' dir='ltr'><strong>participes</strong></span> <span class='ocrx_word' id='word_1_170' title='bbox 532 3210 612 3285; x_wconf 83' lang='lat' dir='ltr'><strong>erga</strong></span> <span class='ocrx_word' id='word_1_171' title='bbox 623 3186 739 3261; x_wconf 89' lang='lat' dir='ltr'><strong>Deum</strong></span> <span class='ocrx_word' id='word_1_172' title='bbox 752 3187 830 3263; x_wconf 89' lang='lat' dir='ltr'><strong>fieri</strong></span> <span class='ocrx_word' id='word_1_173' title='bbox 847 3200 1087 3261; x_wconf 88' lang='lat' dir='ltr'><strong>mererentur.</strong></span> <span class='ocrx_word' id='word_1_174' title='bbox 1102 3181 1244 3254; x_wconf 89' lang='lat' dir='ltr'><strong>Dabant</strong></span> 
     </span>
     <span class='ocr_line' id='line_1_25' title="bbox 172 3297 943 3399; baseline 0.005 -31"><span class='ocrx_word' id='word_1_175' title='bbox 172 3309 340 3382; x_wconf 80' lang='lat' dir='ltr'><strong>terrena,</strong></span> <span class='ocrx_word' id='word_1_176' title='bbox 361 3310 402 3367; x_wconf 91' lang='lat' dir='ltr'><strong>nt</strong></span> <span class='ocrx_word' id='word_1_177' title='bbox 420 3323 438 3368; x_wconf 93' lang='lat' dir='ltr'><strong>a</strong></span> <span class='ocrx_word' id='word_1_178' title='bbox 458 3297 533 3372; x_wconf 86' lang='lat' dir='ltr'><strong>Deo</strong></span> <span class='ocrx_word' id='word_1_179' title='bbox 550 3302 754 3399; x_wconf 88' lang='lat' dir='ltr'><strong>reciperent</strong></span> <span class='ocrx_word' id='word_1_180' title='bbox 772 3304 943 3376; x_wconf 90' lang='lat' dir='ltr'><strong>coelestia.</strong></span> 
     </span>
    </p>
   </div>
   <div class='ocr_carea' id='block_1_3' title="bbox 172 3634 1246 4349">
    <p class='ocr_par' dir='ltr' id='par_1_3' title="bbox 172 3634 1246 4349">
     <span class='ocr_line' id='line_1_26' title="bbox 206 3634 1246 3721; baseline 0.003 -28"><span class='ocrx_word' id='word_1_181' title='bbox 206 3641 250 3712; x_wconf 86' lang='grc' dir='ltr'><strong>(ι)</strong></span> <span class='ocrx_word' id='word_1_182' title='bbox 267 3640 396 3709; x_wconf 76' lang='lat' dir='ltr'><strong>blainier,</strong></span> <span class='ocrx_word' id='word_1_183' title='bbox 406 3641 449 3696; x_wconf 85' lang='lat' dir='ltr'><strong>lils</strong></span> <span class='ocrx_word' id='word_1_184' title='bbox 459 3634 1246 3721; x_wconf 75' lang='lat' dir='ltr'><strong>deGoscelind’EchaolouretquatriemeabbedeSaint·</strong></span> 
     </span>
     <span class='ocr_line' id='line_1_27' title="bbox 172 3717 1244 3811; baseline 0.002 -26"><span class='ocrx_word' id='word_1_185' title='bbox 172 3717 306 3799; x_wconf 63' lang='lat' dir='ltr'><strong>bmnlt,</strong></span> <span class='ocrx_word' id='word_1_186' title='bbox 322 3735 452 3788; x_wconf 75' lang='lat' dir='ltr'><strong>contacte</strong></span> <span class='ocrx_word' id='word_1_187' title='bbox 463 3752 514 3807; x_wconf 89' lang='lat' dir='ltr'><strong>par</strong></span> <span class='ocrx_word' id='word_1_188' title='bbox 524 3735 653 3807; x_wconf 80' lang='lat' dir='ltr'><strong>Hugues,</strong></span> <span class='ocrx_word' id='word_1_189' title='bbox 668 3738 771 3811; x_wconf 71' lang='lat' dir='ltr'><strong>eveque</strong></span> <span class='ocrx_word' id='word_1_190' title='bbox 781 3737 816 3793; x_wconf 89' lang='lat' dir='ltr'><strong>de</strong></span> <span class='ocrx_word' id='word_1_191' title='bbox 828 3739 952 3807; x_wconf 81' lang='lat' dir='ltr'><strong>Lisieux,</strong></span> <span class='ocrx_word' id='word_1_192' title='bbox 967 3737 994 3793; x_wconf 93' lang='lat' dir='ltr'><strong>le</strong></span> <span class='ocrx_word' id='word_1_193' title='bbox 1008 3737 1041 3792; x_wconf 84' lang='lat'><strong>16</strong></span> <span class='ocrx_word' id='word_1_194' title='bbox 1053 3735 1146 3807; x_wconf 89' lang='lat' dir='ltr'><strong>juillet</strong></span> <span class='ocrx_word' id='word_1_195' title='bbox 1162 3731 1244 3798; x_wconf 83' lang='lat'><strong>1066,</strong></span> 
     </span>
     <span class='ocr_line' id='line_1_28' title="bbox 172 3820 1245 3902; baseline 0 -27"><span class='ocrx_word' id='word_1_196' title='bbox 172 3836 286 3876; x_wconf 74' lang='lat' dir='ltr'><strong>mne</strong></span> <span class='ocrx_word' id='word_1_197' title='bbox 301 3838 372 3876; x_wconf 86' lang='lat' dir='ltr'><strong>nous</strong></span> <span class='ocrx_word' id='word_1_198' title='bbox 384 3820 486 3877; x_wconf 83' lang='lat' dir='ltr'><strong>l‘avons</strong></span> <span class='ocrx_word' id='word_1_199' title='bbox 501 3823 562 3896; x_wconf 71' lang='lat' dir='ltr'><strong>de&#39;ja</strong></span> <span class='ocrx_word' id='word_1_200' title='bbox 580 3842 626 3878; x_wconf 85' lang='lat' dir='ltr'><strong>vu.</strong></span> <span class='ocrx_word' id='word_1_201' title='bbox 641 3825 729 3881; x_wconf 90' lang='lat' dir='ltr'><strong>Notre</strong></span> <span class='ocrx_word' id='word_1_202' title='bbox 745 3838 845 3884; x_wconf 80' lang='lat' dir='ltr'><strong>auteur</strong></span> <span class='ocrx_word' id='word_1_203' title='bbox 860 3829 1031 3902; x_wconf 81' lang='lat' dir='ltr'><strong>abeauconp</strong></span> <span class='ocrx_word' id='word_1_204' title='bbox 1043 3826 1118 3881; x_wconf 77' lang='lat' dir='ltr'><strong>varie</strong></span> <span class='ocrx_word' id='word_1_205' title='bbox 1133 3823 1203 3878; x_wconf 88' lang='lat' dir='ltr'><strong>dans</strong></span> <span class='ocrx_word' id='word_1_206' title='bbox 1218 3820 1245 3876; x_wconf 88' lang='lat' dir='ltr'><strong>la</strong></span> 
     </span>
     <span class='ocr_line' id='line_1_29' title="bbox 172 3910 1245 3987; baseline 0.005 -25"><span class='ocrx_word' id='word_1_207' title='bbox 172 3911 358 3983; x_wconf 76' lang='lat' dir='ltr'><strong>supputation</strong></span> <span class='ocrx_word' id='word_1_208' title='bbox 375 3910 424 3966; x_wconf 87' lang='lat' dir='ltr'><strong>des</strong></span> <span class='ocrx_word' id='word_1_209' title='bbox 437 3916 538 3968; x_wconf 77' lang='lat' dir='ltr'><strong>annees</strong></span> <span class='ocrx_word' id='word_1_210' title='bbox 547 3914 582 3970; x_wconf 92' lang='lat' dir='ltr'><strong>de</strong></span> <span class='ocrx_word' id='word_1_211' title='bbox 594 3915 836 3974; x_wconf 82' lang='lat' dir='ltr'><strong>l‘administration</strong></span> <span class='ocrx_word' id='word_1_212' title='bbox 849 3919 885 3975; x_wconf 87' lang='lat' dir='ltr'><strong>de</strong></span> <span class='ocrx_word' id='word_1_213' title='bbox 898 3920 1025 3975; x_wconf 81' lang='lat' dir='ltr'><strong>Mainler.</strong></span> <span class='ocrx_word' id='word_1_214' title='bbox 1041 3918 1116 3972; x_wconf 82' lang='lat' dir='ltr'><strong>Dans</strong></span> <span class='ocrx_word' id='word_1_215' title='bbox 1130 3934 1169 3969; x_wconf 90' lang='lat' dir='ltr'><strong>un</strong></span> <span class='ocrx_word' id='word_1_216' title='bbox 1180 3930 1245 3987; x_wconf 85' lang='lat' dir='ltr'><strong>pas·</strong></span> 
     </span>
     <span class='ocr_line' id='line_1_30' title="bbox 172 3997 1245 4083; baseline 0.006 -31"><span class='ocrx_word' id='word_1_217' title='bbox 172 4015 242 4072; x_wconf 71' lang='lat' dir='ltr'><strong>nge</strong></span> <span class='ocrx_word' id='word_1_218' title='bbox 250 3997 291 4054; x_wconf 87' lang='lat' dir='ltr'><strong>du</strong></span> <span class='ocrx_word' id='word_1_219' title='bbox 303 3999 372 4056; x_wconf 86' lang='lat' dir='ltr'><strong>livre</strong></span> <span class='ocrx_word' id='word_1_220' title='bbox 385 4020 424 4069; x_wconf 86' lang='grc' dir='ltr'>ιιι,</span> <span class='ocrx_word' id='word_1_221' title='bbox 436 4001 457 4056; x_wconf 93' lang='lat' dir='ltr'><strong>il</strong></span> <span class='ocrx_word' id='word_1_222' title='bbox 467 4002 582 4078; x_wconf 85' lang='lat' dir='ltr'><strong>indique</strong></span> <span class='ocrx_word' id='word_1_223' title='bbox 592 4007 671 4080; x_wconf 84' lang='lat' dir='ltr'><strong>vingt</strong></span> <span class='ocrx_word' id='word_1_224' title='bbox 679 4018 709 4063; x_wconf 89' lang='lat' dir='ltr'><strong>et</strong></span> <span class='ocrx_word' id='word_1_225' title='bbox 719 4027 759 4063; x_wconf 88' lang='lat' dir='ltr'><strong>nn</strong></span> <span class='ocrx_word' id='word_1_226' title='bbox 771 4028 819 4065; x_wconf 89' lang='lat' dir='ltr'><strong>ans</strong></span> <span class='ocrx_word' id='word_1_227' title='bbox 831 4022 860 4067; x_wconf 87' lang='lat' dir='ltr'><strong>et</strong></span> <span class='ocrx_word' id='word_1_228' title='bbox 869 4021 928 4083; x_wconf 87' lang='lat' dir='ltr'><strong>sept</strong></span> <span class='ocrx_word' id='word_1_229' title='bbox 940 4011 1024 4077; x_wconf 87' lang='lat' dir='ltr'><strong>mois;</strong></span> <span class='ocrx_word' id='word_1_230' title='bbox 1037 4009 1105 4063; x_wconf 86' lang='lat' dir='ltr'><strong>dans</strong></span> <span class='ocrx_word' id='word_1_231' title='bbox 1116 4025 1155 4062; x_wconf 88' lang='lat' dir='ltr'><strong>nn</strong></span> <span class='ocrx_word' id='word_1_232' title='bbox 1165 4014 1245 4059; x_wconf 81' lang='lat' dir='ltr'><strong>autre</strong></span> 
     </span>
     <span class='ocr_line' id='line_1_31' title="bbox 173 4084 1246 4172; baseline 0.006 -32"><span class='ocrx_word' id='word_1_233' title='bbox 173 4084 218 4141; x_wconf 78' lang='lat' dir='ltr'><strong>dn</strong></span> <span class='ocrx_word' id='word_1_234' title='bbox 232 4087 430 4145; x_wconf 66' lang='lat' dir='ltr'><strong>mesnelivreil</strong></span> <span class='ocrx_word' id='word_1_235' title='bbox 444 4093 519 4164; x_wconf 87' lang='lat' dir='ltr'><strong>parle</strong></span> <span class='ocrx_word' id='word_1_236' title='bbox 532 4093 566 4148; x_wconf 91' lang='lat' dir='ltr'><strong>de</strong></span> <span class='ocrx_word' id='word_1_237' title='bbox 581 4096 745 4169; x_wconf 78' lang='lat' dir='ltr'><strong>vingtdeux</strong></span> <span class='ocrx_word' id='word_1_238' title='bbox 755 4117 804 4153; x_wconf 83' lang='lat' dir='ltr'><strong>ans</strong></span> <span class='ocrx_word' id='word_1_239' title='bbox 815 4110 844 4155; x_wconf 83' lang='lat' dir='ltr'><strong>et</strong></span> <span class='ocrx_word' id='word_1_240' title='bbox 855 4109 916 4172; x_wconf 85' lang='lat' dir='ltr'><strong>sept</strong></span> <span class='ocrx_word' id='word_1_241' title='bbox 925 4100 1012 4163; x_wconf 84' lang='lat' dir='ltr'><strong>mois,</strong></span> <span class='ocrx_word' id='word_1_242' title='bbox 1031 4108 1059 4152; x_wconf 84' lang='lat' dir='ltr'><strong>et</strong></span> <span class='ocrx_word' id='word_1_243' title='bbox 1069 4096 1144 4151; x_wconf 88' lang='lat' dir='ltr'><strong>enfin</strong></span> <span class='ocrx_word' id='word_1_244' title='bbox 1161 4094 1196 4148; x_wconf 87' lang='lat' dir='ltr'><strong>ici</strong></span> <span class='ocrx_word' id='word_1_245' title='bbox 1210 4092 1246 4146; x_wconf 88' lang='lat' dir='ltr'><strong>de</strong></span> 
     </span>
     <span class='ocr_line' id='line_1_32' title="bbox 175 4177 1245 4262; baseline 0.008 -34"><span class='ocrx_word' id='word_1_246' title='bbox 175 4177 340 4249; x_wconf 74' lang='lat' dir='ltr'><strong>vingt-deux</strong></span> <span class='ocrx_word' id='word_1_247' title='bbox 353 4199 401 4233; x_wconf 83' lang='lat' dir='ltr'><strong>ans</strong></span> <span class='ocrx_word' id='word_1_248' title='bbox 414 4192 441 4235; x_wconf 90' lang='lat' dir='ltr'><strong>et</strong></span> <span class='ocrx_word' id='word_1_249' title='bbox 459 4183 523 4239; x_wconf 90' lang='lat' dir='ltr'><strong>huit</strong></span> <span class='ocrx_word' id='word_1_250' title='bbox 536 4188 614 4239; x_wconf 87' lang='lat' dir='ltr'><strong>mois.</strong></span> <span class='ocrx_word' id='word_1_251' title='bbox 634 4186 657 4240; x_wconf 94' lang='lat' dir='ltr'><strong>ll</strong></span> <span class='ocrx_word' id='word_1_252' title='bbox 675 4189 763 4260; x_wconf 84' lang='lat' dir='ltr'><strong>parait</strong></span> <span class='ocrx_word' id='word_1_253' title='bbox 778 4207 832 4262; x_wconf 84' lang='lat' dir='ltr'><strong>que</strong></span> <span class='ocrx_word' id='word_1_254' title='bbox 848 4190 940 4243; x_wconf 73' lang='lat' dir='ltr'><strong>c’esta</strong></span> <span class='ocrx_word' id='word_1_255' title='bbox 955 4187 981 4242; x_wconf 86' lang='lat' dir='ltr'><strong>la</strong></span> <span class='ocrx_word' id='word_1_256' title='bbox 999 4186 1116 4242; x_wconf 86' lang='lat' dir='ltr'><strong>seconde</strong></span> <span class='ocrx_word' id='word_1_257' title='bbox 1134 4183 1245 4240; x_wconf 77' lang='lat' dir='ltr'><strong>lination</strong></span> 
     </span>
     <span class='ocr_line' id='line_1_33' title="bbox 177 4264 1082 4349; baseline 0.012 -31"><span class='ocrx_word' id='word_1_258' title='bbox 177 4264 246 4336; x_wconf 85' lang='lat' dir='ltr'><strong>qu’il</strong></span> <span class='ocrx_word' id='word_1_259' title='bbox 258 4264 317 4321; x_wconf 84' lang='lat' dir='ltr'><strong>saut</strong></span> <span class='ocrx_word' id='word_1_260' title='bbox 330 4268 465 4338; x_wconf 72' lang='lat' dir='ltr'><strong>s’arreter,</strong></span> <span class='ocrx_word' id='word_1_261' title='bbox 481 4283 508 4326; x_wconf 88' lang='lat' dir='ltr'><strong>et</strong></span> <span class='ocrx_word' id='word_1_262' title='bbox 522 4292 576 4346; x_wconf 85' lang='lat' dir='ltr'><strong>que</strong></span> <span class='ocrx_word' id='word_1_263' title='bbox 590 4277 709 4333; x_wconf 84' lang='lat' dir='ltr'><strong>Mainier</strong></span> <span class='ocrx_word' id='word_1_264' title='bbox 723 4290 837 4335; x_wconf 85' lang='lat' dir='ltr'><strong>mourut</strong></span> <span class='ocrx_word' id='word_1_265' title='bbox 848 4279 874 4335; x_wconf 91' lang='lat' dir='ltr'><strong>le</strong></span> <span class='ocrx_word' id='word_1_266' title='bbox 886 4278 903 4334; x_wconf 86' lang='lat'><em>5</em></span> <span class='ocrx_word' id='word_1_267' title='bbox 918 4296 991 4333; x_wconf 87' lang='lat' dir='ltr'><strong>mars</strong></span> <span class='ocrx_word' id='word_1_268' title='bbox 1007 4276 1082 4349; x_wconf 75' lang='lat'><strong>1089.</strong></span> 
     </span>
    </p>
   </div>
   <div class='ocr_carea' id='block_1_4' title="bbox 0 0 1470 4980">
    <p class='ocr_par' dir='ltr' id='par_1_4' title="bbox 0 0 1470 4980">
     <span class='ocr_line' id='line_1_34' title="bbox 0 0 1470 4980; baseline 0 0"><span class='ocrx_word' id='word_1_269' title='bbox 0 0 1470 4980; x_wconf 95' lang='lat' dir='ltr'><strong> </strong></span> 
     </span>
    </p>
   </div>
  </div>
 </body>
</html>
