2926 4980
99 419 287 500 [977-1081]
478 418 595 480 LIBER
615 418 795 482 Ttuvws
1112 429 1172 490 139

98 564 208 640 quem
231 539 270 610 in
287 537 368 608 visu
388 537 536 638 quidam
557 538 736 612 Judocum
755 537 936 613 medicum
959 542 997 615 in
1018 543 1174 618 Pontivo

99 656 286 756 requirere
310 654 468 728 monuit.
495 654 559 729 llle
581 681 669 729 vero
693 656 884 731 confestim
902 657 1009 755 jussis
1035 660 1170 757 paruit÷

99 774 294 849 Dominico
310 770 398 846 hora
414 771 490 846 sere
510 774 615 847 tertia
631 773 813 846 basilicam
828 775 995 868 intravit,
1011 791 1176 874 prostra-

98 905 158 962 tus
191 891 333 977 oravit,
370 892 619 988 pavimentum
652 891 821 992 lacrymis
855 891 1100 984 humectavit,
1138 911 1175 970 et

98 1007 251 1106 peractis
271 1005 438 1105 precibus
456 1007 649 1080 incolumis
673 1009 843 1082 surrexit.
863 1008 1001 1083 Deinde
1019 1012 1175 1110 gaudens

98 1149 186 1198 mox
203 1124 348 1198 missam
363 1125 514 1212 cecinit,
529 1140 567 1198 et
583 1125 719 1224 populo
735 1125 940 1199 salvationis
955 1153 1028 1199 suec
1045 1128 1174 1201 seriem

98 1268 184 1315 cum
199 1243 399 1342 gratiarum
414 1243 557 1317 actione
570 1243 746 1316 veraciter
761 1243 901 1316 retulit.

147 1356 392 1432 lothariensis
407 1358 686 1432 Wandelmarus
705 1359 874 1432 dextrum
891 1360 1039 1433 oculum
1062 1360 1172 1433 infir-

96 1477 223 1550 mitate
246 1477 388 1564 amisit,
417 1492 454 1550 et
475 1477 677 1553 amicorum
700 1503 871 1577 persuasu
890 1475 1039 1550 beatum
1057 1477 1175 1551 Judo-

97 1619 183 1665 curn
194 1592 293 1668 adire
305 1592 477 1668 decrevit.
498 1595 568 1668 Sed
580 1596 670 1669 recti
693 1594 792 1669 callis
814 1596 956 1696 ignarus
973 1594 1070 1669 sorte
1090 1621 1174 1669 cum

96 1710 197 1783 socio
214 1707 258 1783 ad
271 1708 414 1784 fontem
428 1710 597 1801 devenit,
620 1739 728 1812 quem
742 1712 901 1786 Judocus
918 1711 1034 1785 adhuc
1050 1712 1175 1785 vivens

95 1805 237 1900 meritis
264 1829 335 1900 suis
364 1829 550 1928 produxit.
578 1829 856 1903 Wandelmarus
886 1831 1006 1929 itaque
1033 1828 1176 1902 fontem

97 1943 388 2044 limpidissimum
403 1947 513 2035 vidit,
527 1948 666 2021 socium
678 1947 854 2037 detinuit,
870 1947 920 2019 ibi
937 1946 1087 2033 resedit,
1103 1972 1176 2018 ma·

96 2085 167 2132 nus
182 2059 382 2161 faciemque
398 2061 442 2135 de
458 2062 572 2136 fontis
588 2089 679 2163 aqua
698 2063 835 2152 abluit,
858 2079 895 2136 et
911 2060 1033 2135 subito
1051 2062 1175 2135 lumen

96 2177 267 2252 amissum
283 2180 431 2279 recepit.
446 2181 596 2254 Senatus
611 2180 741 2255 deinde
752 2180 796 2254 ad
810 2179 1071 2254 monasterium
1087 2205 1174 2277 gau·

96 2294 227 2370 denter
248 2299 428 2397 perrexit,
459 2315 496 2372 et
522 2296 762 2399 gaudentibus
788 2298 912 2370 amicis
940 2299 1018 2370 Deo
1044 2297 1175 2396 gratias

97 2415 185 2517 egit.

151 2534 234 2606 Duo
261 2532 476 2607 daemoniaci
514 2536 664 2608 nomine
700 2531 901 2633 Maginanli
934 2529 978 2603 ad
1011 2528 1175 2603 tumbam

96 2650 136 2722 S.
154 2647 284 2724 Judoci
301 2650 465 2725 mundati
485 2667 588 2741 sunt,
606 2667 643 2725 et
658 2651 720 2724 diu
737 2665 860 2749 postea
879 2649 955 2720 sani
980 2648 1019 2718 in
1041 2645 1176 2720 saeculo

95 2767 281 2839 vixerunt.

146 2877 344 2984 Sieburgis,
358 2886 453 2960 uxor
462 2886 655 2959 Bertranni
669 2883 852 2958 clarissimi
865 2882 955 2969 viri,
967 2906 1034 2980 pcr
1046 2904 1071 2951 x
1083 2902 1177 2953 con-

96 3000 222 3073 tinuos
238 3023 377 3074 menses
393 2999 533 3074 fluxum
550 3001 732 3102 sanguinis
750 3028 769 3076 e
786 2998 936 3074 naribus
948 2995 1173 3097 patiebatur,

96 3141 181 3216 quae
198 3114 245 3188 ab
265 3116 410 3204 amicis,
436 3131 478 3189 ut
500 3133 698 3205 sanaretur,
716 3117 761 3190 ad
779 3116 893 3189 aedem
910 3114 1024 3187 sancti
1044 3113 1174 3187 Judoci

96 3231 270 3330 perducta
281 3249 348 3307 cst.
361 3231 416 3305 lbi
431 3234 562 3323 oravit,
573 3233 635 3307 sed
647 3260 721 3308 non
732 3236 854 3307 statim
867 3245 987 3305 sanata
998 3243 1063 3317 cst,
1078 3228 1177 3302 ideo·

96 3374 170 3449 que
185 3347 367 3422 basilicam
379 3376 517 3451 egressa
530 3377 710 3444 moerens,
725 3352 856 3425 multas
873 3348 1034 3451 querelas
1055 3347 1175 3419 locuta

97 3479 164 3538 est.
179 3465 343 3565 Denique
353 3465 440 3540 dum
454 3468 498 3539 ad
511 3495 572 3540 sua
587 3495 672 3541 cum
681 3493 833 3544 rancore
846 3466 956 3539 animi
972 3462 1172 3562 repedaret,

97 3593 137 3652 et
151 3605 297 3655 crucem
322 3607 404 3681 quae
430 3583 469 3655 in
491 3584 548 3655 via
573 3585 689 3682 posita
713 3599 766 3657 est
789 3581 1058 3683 pertransisset,
1086 3603 1173 3650 mox

96 3699 241 3796 sanguis
265 3724 285 3771 e
305 3697 453 3772 naribus
473 3700 586 3775 lluere
613 3702 773 3774 cessavit.
802 3699 974 3773 Protinus
1000 3695 1058 3767 illa
1082 3721 1173 3794 gau-

95 3812 186 3888 dens
208 3816 420 3917 retrogrado
443 3819 533 3917 pede
552 3820 595 3892 ad
610 3819 872 3894 monasterium
894 3816 1007 3889 sancti
1025 3814 1094 3886 viri
1113 3839 1174 3886 re·

95 3958 214 4033 gressa
244 3952 321 4025 est,
357 3953 394 4011 et
423 3940 576 4037 peractis
607 3940 804 4039 gratiarum
833 3933 1037 4010 actionibus
1066 3930 1174 4030 plene

96 4067 219 4124 sanata
243 4069 309 4126 est.

147 4167 354 4246 Rodbertus
364 4174 627 4267 tarwanensis,
639 4175 727 4250 dum
738 4174 886 4250 meridie
896 4174 992 4249 solus
1005 4171 1041 4244 in
1052 4183 1175 4244 aestate
