<?xml version="1.0" encoding="UTF-8"?>
<!DOCTYPE html PUBLIC "-//W3C//DTD XHTML 1.0 Transitional//EN"
    "http://www.w3.org/TR/xhtml1/DTD/xhtml1-transitional.dtd">
<html xmlns="http://www.w3.org/1999/xhtml" xml:lang="en" lang="en">
 <head>
  <title>
</title>
<meta http-equiv="Content-Type" content="text/html;charset=utf-8" />
  <meta name='ocr-system' content='tesseract 3.04.00' />
  <meta name='ocr-capabilities' content='ocr_page ocr_carea ocr_par ocr_line ocrx_word'/>
</head>
<body>
  <div class='ocr_page' id='page_1' title='image "./ordericivitalis01deligoog/ordericivitalis01deligoog_0297.png"; bbox 0 0 2910 4980; ppageno 0'>
   <div class='ocr_carea' id='block_1_1' title="bbox 193 419 1249 503">
    <p class='ocr_par' dir='ltr' id='par_1_1' title="bbox 193 419 1249 503">
     <span class='ocr_line' id='line_1_1' title="bbox 193 419 1249 503; baseline 0.004 -21"><span class='ocrx_word' id='word_1_1' title='bbox 193 421 253 484; x_wconf 74' lang='lat'><strong>284</strong></span> <span class='ocrx_word' id='word_1_2' title='bbox 435 422 617 483; x_wconf 76' lang='lat' dir='ltr'>HISTORIA</span> <span class='ocrx_word' id='word_1_3' title='bbox 640 419 944 482; x_wconf 72' lang='lat' dir='ltr'><strong>Etctssstlstlct.</strong></span> <span class='ocrx_word' id='word_1_4' title='bbox 977 424 1070 498; x_wconf 77' lang='lat' dir='ltr'><strong>[cuca</strong></span> <span class='ocrx_word' id='word_1_5' title='bbox 1079 421 1249 503; x_wconf 63' lang='lat' dir='ltr'><strong>esstote]</strong></span> 
     </span>
    </p>
   </div>
   <div class='ocr_carea' id='block_1_2' title="bbox 189 538 1258 2497">
    <p class='ocr_par' dir='ltr' id='par_1_2' title="bbox 189 538 1256 1450">
     <span class='ocr_line' id='line_1_2' title="bbox 192 538 1251 639; baseline 0.002 -27"><span class='ocrx_word' id='word_1_6' title='bbox 192 565 324 612; x_wconf 89' lang='lat' dir='ltr'><strong>munus</strong></span> <span class='ocrx_word' id='word_1_7' title='bbox 340 538 407 610; x_wconf 92' lang='lat' dir='ltr'><strong>sibi</strong></span> <span class='ocrx_word' id='word_1_8' title='bbox 424 566 443 610; x_wconf 87' lang='lat' dir='ltr'><strong>a</strong></span> <span class='ocrx_word' id='word_1_9' title='bbox 461 543 537 614; x_wconf 88' lang='lat' dir='ltr'><strong>Deo</strong></span> <span class='ocrx_word' id='word_1_10' title='bbox 556 538 726 614; x_wconf 87' lang='lat' dir='ltr'><strong>collatum</strong></span> <span class='ocrx_word' id='word_1_11' title='bbox 743 553 926 639; x_wconf 81' lang='lat' dir='ltr'><strong>gratanter</strong></span> <span class='ocrx_word' id='word_1_12' title='bbox 946 554 1200 638; x_wconf 85' lang='lat' dir='ltr'><strong>susceperuut,</strong></span> <span class='ocrx_word' id='word_1_13' title='bbox 1216 556 1251 614; x_wconf 85' lang='lat' dir='ltr'><strong>ct</strong></span> 
     </span>
     <span class='ocr_line' id='line_1_3' title="bbox 189 655 1249 757; baseline 0 -29"><span class='ocrx_word' id='word_1_14' title='bbox 189 661 290 755; x_wconf 88' lang='lat' dir='ltr'><strong>juxta</strong></span> <span class='ocrx_word' id='word_1_15' title='bbox 303 656 411 729; x_wconf 90' lang='lat' dir='ltr'><strong>altare</strong></span> <span class='ocrx_word' id='word_1_16' title='bbox 427 672 558 728; x_wconf 86' lang='lat' dir='ltr'><strong>sanctae</strong></span> <span class='ocrx_word' id='word_1_17' title='bbox 574 657 637 729; x_wconf 89' lang='lat' dir='ltr'><strong>Dei</strong></span> <span class='ocrx_word' id='word_1_18' title='bbox 657 657 841 756; x_wconf 82' lang='lat' dir='ltr'><strong>genitricis</strong></span> <span class='ocrx_word' id='word_1_19' title='bbox 856 656 979 729; x_wconf 84' lang='lat' dir='ltr'><strong>Mariae</strong></span> <span class='ocrx_word' id='word_1_20' title='bbox 999 658 1036 727; x_wconf 92' lang='lat' dir='ltr'><strong>in</strong></span> <span class='ocrx_word' id='word_1_21' title='bbox 1056 655 1249 757; x_wconf 76' lang='lat' dir='ltr'><strong>aquilonali</strong></span> 
     </span>
     <span class='ocr_line' id='line_1_4' title="bbox 192 767 1251 872; baseline 0.005 -31"><span class='ocrx_word' id='word_1_22' title='bbox 192 787 293 869; x_wconf 85' lang='lat' dir='ltr'><strong>parte</strong></span> <span class='ocrx_word' id='word_1_23' title='bbox 314 767 574 845; x_wconf 81' lang='lat' dir='ltr'><strong>honorabiliter</strong></span> <span class='ocrx_word' id='word_1_24' title='bbox 598 770 876 844; x_wconf 83' lang='lat' dir='ltr'><strong>collocaverunt.</strong></span> <span class='ocrx_word' id='word_1_25' title='bbox 900 768 953 843; x_wconf 90' lang='lat' dir='ltr'><strong>lbi</strong></span> <span class='ocrx_word' id='word_1_26' title='bbox 973 796 1087 872; x_wconf 89' lang='lat' dir='ltr'><strong>usque</strong></span> <span class='ocrx_word' id='word_1_27' title='bbox 1109 770 1251 846; x_wconf 73' lang='lat' dir='ltr'><strong>bodies</strong></span> 
     </span>
     <span class='ocr_line' id='line_1_5' title="bbox 194 886 1249 987; baseline 0 -29"><span class='ocrx_word' id='word_1_28' title='bbox 194 886 357 960; x_wconf 89' lang='lat' dir='ltr'><strong>fidelibus</strong></span> <span class='ocrx_word' id='word_1_29' title='bbox 365 904 578 961; x_wconf 87' lang='lat' dir='ltr'><strong>veneranter</strong></span> <span class='ocrx_word' id='word_1_30' title='bbox 589 887 778 975; x_wconf 87' lang='lat' dir='ltr'><strong>excolitur,</strong></span> <span class='ocrx_word' id='word_1_31' title='bbox 793 889 937 987; x_wconf 87' lang='lat' dir='ltr'><strong>ejusque</strong></span> <span class='ocrx_word' id='word_1_32' title='bbox 946 886 1118 961; x_wconf 85' lang='lat' dir='ltr'><strong>festivitas</strong></span> <span class='ocrx_word' id='word_1_33' title='bbox 1128 886 1249 961; x_wconf 81' lang='lat' dir='ltr'><strong>11⁰kal.·</strong></span> 
     </span>
     <span class='ocr_line' id='line_1_6' title="bbox 195 1003 1252 1102; baseline 0.003 -28"><span class='ocrx_word' id='word_1_34' title='bbox 195 1005 332 1102; x_wconf 83' lang='lat' dir='ltr'><strong>augusti</strong></span> <span class='ocrx_word' id='word_1_35' title='bbox 354 1003 567 1077; x_wconf 89' lang='lat' dir='ltr'><strong>celebratur.</strong></span> <span class='ocrx_word' id='word_1_36' title='bbox 594 1003 759 1076; x_wconf 83' lang='lat' dir='ltr'><strong>Osketelo</strong></span> <span class='ocrx_word' id='word_1_37' title='bbox 783 1018 900 1075; x_wconf 91' lang='lat' dir='ltr'><strong>autem</strong></span> <span class='ocrx_word' id='word_1_38' title='bbox 920 1017 989 1075; x_wconf 86' lang='lat' dir='ltr'>x11⁰</span> <span class='ocrx_word' id='word_1_39' title='bbox 1006 1003 1076 1074; x_wconf 86' lang='lat' dir='ltr'><strong>kal.</strong></span> <span class='ocrx_word' id='word_1_40' title='bbox 1100 1027 1252 1079; x_wconf 82' lang='lat' dir='ltr'><strong>novem-</strong></span> 
     </span>
     <span class='ocr_line' id='line_1_7' title="bbox 193 1117 1251 1216; baseline 0 -26"><span class='ocrx_word' id='word_1_41' title='bbox 193 1117 269 1190; x_wconf 89' lang='lat' dir='ltr'><strong>bris</strong></span> <span class='ocrx_word' id='word_1_42' title='bbox 288 1120 343 1216; x_wconf 82' lang='grc' dir='ltr'><strong>(ι)</strong></span> <span class='ocrx_word' id='word_1_43' title='bbox 359 1118 551 1205; x_wconf 87' lang='lat' dir='ltr'><strong>defuncto,</strong></span> <span class='ocrx_word' id='word_1_44' title='bbox 571 1118 747 1192; x_wconf 88' lang='lat' dir='ltr'><strong>Godricus</strong></span> <span class='ocrx_word' id='word_1_45' title='bbox 765 1118 943 1191; x_wconf 78' lang='lat' dir='ltr'><strong>succussit.</strong></span> <span class='ocrx_word' id='word_1_46' title='bbox 964 1117 1047 1209; x_wconf 88' lang='lat' dir='ltr'><strong>Quo</strong></span> <span class='ocrx_word' id='word_1_47' title='bbox 1058 1118 1157 1190; x_wconf 83' lang='lat' dir='ltr'><strong>viam</strong></span> <span class='ocrx_word' id='word_1_48' title='bbox 1167 1118 1251 1191; x_wconf 85' lang='lat' dir='ltr'><strong>uui·</strong></span> 
     </span>
     <span class='ocr_line' id='line_1_8' title="bbox 194 1230 1254 1333; baseline -0.001 -28"><span class='ocrx_word' id='word_1_49' title='bbox 194 1261 304 1308; x_wconf 86' lang='lat' dir='ltr'><strong>versae</strong></span> <span class='ocrx_word' id='word_1_50' title='bbox 317 1236 435 1308; x_wconf 91' lang='lat' dir='ltr'><strong>carnis</strong></span> <span class='ocrx_word' id='word_1_51' title='bbox 444 1247 483 1306; x_wconf 90' lang='lat' dir='ltr'><strong>x⁰</strong></span> <span class='ocrx_word' id='word_1_52' title='bbox 493 1250 543 1307; x_wconf 82' lang='lat' dir='ltr'><strong>1v⁰</strong></span> <span class='ocrx_word' id='word_1_53' title='bbox 553 1234 623 1307; x_wconf 86' lang='lat' dir='ltr'><strong>kal.</strong></span> <span class='ocrx_word' id='word_1_54' title='bbox 636 1232 806 1308; x_wconf 87' lang='lat' dir='ltr'><strong>februarii</strong></span> <span class='ocrx_word' id='word_1_55' title='bbox 818 1233 875 1331; x_wconf 85' lang='lat'><strong>(2)</strong></span> <span class='ocrx_word' id='word_1_56' title='bbox 885 1230 1122 1333; x_wconf 72' lang='lat' dir='ltr'><strong>ingrediente,</strong></span> <span class='ocrx_word' id='word_1_57' title='bbox 1137 1232 1254 1306; x_wconf 80' lang='lat' dir='ltr'><strong>Bribt·</strong></span> 
     </span>
     <span class='ocr_line' id='line_1_9' title="bbox 194 1350 1256 1450; baseline 0 -27"><span class='ocrx_word' id='word_1_58' title='bbox 194 1378 313 1426; x_wconf 89' lang='lat' dir='ltr'><strong>merus</strong></span> <span class='ocrx_word' id='word_1_59' title='bbox 325 1350 504 1426; x_wconf 90' lang='lat' dir='ltr'><strong>abbatiam</strong></span> <span class='ocrx_word' id='word_1_60' title='bbox 519 1352 685 1450; x_wconf 85' lang='lat' dir='ltr'><strong>suscepit.</strong></span> <span class='ocrx_word' id='word_1_61' title='bbox 1249 1376 1256 1389; x_wconf 62' lang='lat'><em>³</em></span> 
     </span>
    </p>

    <p class='ocr_par' dir='ltr' id='par_1_3' title="bbox 195 1468 1258 2497">
     <span class='ocr_line' id='line_1_10' title="bbox 242 1468 1253 1569; baseline 0.002 -30"><span class='ocrx_word' id='word_1_62' title='bbox 242 1471 347 1542; x_wconf 90' lang='lat' dir='ltr'><strong>Tunc</strong></span> <span class='ocrx_word' id='word_1_63' title='bbox 368 1470 539 1568; x_wconf 87' lang='lat' dir='ltr'><strong>temporis</strong></span> <span class='ocrx_word' id='word_1_64' title='bbox 556 1469 762 1569; x_wconf 85' lang='lat' dir='ltr'><strong>Pegelandae</strong></span> <span class='ocrx_word' id='word_1_65' title='bbox 774 1468 983 1543; x_wconf 90' lang='lat' dir='ltr'><strong>coenobium</strong></span> <span class='ocrx_word' id='word_1_66' title='bbox 1000 1485 1077 1544; x_wconf 86' lang='lat' dir='ltr'><strong>erat</strong></span> <span class='ocrx_word' id='word_1_67' title='bbox 1092 1469 1176 1569; x_wconf 70' lang='grc' dir='ltr'>(ὅ),</span> <span class='ocrx_word' id='word_1_68' title='bbox 1198 1472 1253 1542; x_wconf 86' lang='lat' dir='ltr'><strong>cui</strong></span> 
     </span>
     <span class='ocr_line' id='line_1_11' title="bbox 195 1582 1255 1684; baseline 0.004 -28"><span class='ocrx_word' id='word_1_69' title='bbox 195 1582 328 1660; x_wconf 89' lang='lat' dir='ltr'><strong>nobilis</strong></span> <span class='ocrx_word' id='word_1_70' title='bbox 365 1584 422 1656; x_wconf 85' lang='lat' dir='ltr'><strong>vir</strong></span> <span class='ocrx_word' id='word_1_71' title='bbox 450 1583 658 1683; x_wconf 75' lang='lat' dir='ltr'><strong>vulfgeatus</strong></span> <span class='ocrx_word' id='word_1_72' title='bbox 694 1583 803 1657; x_wconf 86' lang='lat' dir='ltr'><strong>abbas</strong></span> <span class='ocrx_word' id='word_1_73' title='bbox 828 1603 994 1684; x_wconf 86' lang='lat' dir='ltr'><strong>praeerat.</strong></span> <span class='ocrx_word' id='word_1_74' title='bbox 1020 1586 1099 1659; x_wconf 89' lang='lat' dir='ltr'><strong>lllic</strong></span> <span class='ocrx_word' id='word_1_75' title='bbox 1121 1588 1255 1661; x_wconf 81' lang='lat' dir='ltr'><strong>etenim</strong></span> 
     </span>
     <span class='ocr_line' id='line_1_12' title="bbox 196 1699 1256 1800; baseline 0.003 -28"><span class='ocrx_word' id='word_1_76' title='bbox 196 1715 314 1772; x_wconf 89' lang='lat' dir='ltr'><strong>sancta</strong></span> <span class='ocrx_word' id='word_1_77' title='bbox 330 1702 419 1800; x_wconf 86' lang='lat' dir='ltr'><strong>Peg&#39;a</strong></span> <span class='ocrx_word' id='word_1_78' title='bbox 437 1724 541 1774; x_wconf 86' lang='lat' dir='ltr'><strong>soror</strong></span> <span class='ocrx_word' id='word_1_79' title='bbox 553 1701 592 1772; x_wconf 92' lang='lat' dir='ltr'><strong>S.</strong></span> <span class='ocrx_word' id='word_1_80' title='bbox 606 1699 772 1774; x_wconf 88' lang='lat' dir='ltr'><strong>Guthlaci</strong></span> <span class='ocrx_word' id='word_1_81' title='bbox 784 1701 844 1774; x_wconf 87' lang='lat' dir='ltr'><strong>diu</strong></span> <span class='ocrx_word' id='word_1_82' title='bbox 854 1702 1012 1776; x_wconf 88' lang='lat' dir='ltr'><strong>Domino</strong></span> <span class='ocrx_word' id='word_1_83' title='bbox 1024 1701 1256 1778; x_wconf 71' lang='lat' dir='ltr'><strong>militarent</strong></span> 
     </span>
     <span class='ocr_line' id='line_1_13' title="bbox 198 1815 1253 1915; baseline 0.004 -29"><span class='ocrx_word' id='word_1_84' title='bbox 198 1815 288 1907; x_wconf 86' lang='lat' dir='ltr'><strong>Quae</strong></span> <span class='ocrx_word' id='word_1_85' title='bbox 305 1829 495 1915; x_wconf 80' lang='lat' dir='ltr'><strong>postquam</strong></span> <span class='ocrx_word' id='word_1_86' title='bbox 511 1815 732 1889; x_wconf 87' lang='lat' dir='ltr'><strong>venerandus</strong></span> <span class='ocrx_word' id='word_1_87' title='bbox 747 1815 859 1890; x_wconf 82' lang='lat' dir='ltr'><strong>frater</strong></span> <span class='ocrx_word' id='word_1_88' title='bbox 875 1844 957 1889; x_wconf 91' lang='lat' dir='ltr'><strong>suus</strong></span> <span class='ocrx_word' id='word_1_89' title='bbox 974 1817 1169 1892; x_wconf 82' lang='lat' dir='ltr'><strong>defunctus</strong></span> <span class='ocrx_word' id='word_1_90' title='bbox 1183 1832 1253 1907; x_wconf 86' lang='lat' dir='ltr'><strong>est,</strong></span> 
     </span>
     <span class='ocr_line' id='line_1_14' title="bbox 198 1929 1257 2031; baseline 0.005 -27"><span class='ocrx_word' id='word_1_91' title='bbox 198 1932 386 2006; x_wconf 82' lang='lat' dir='ltr'><strong>austeriori</strong></span> <span class='ocrx_word' id='word_1_92' title='bbox 400 1929 524 2005; x_wconf 88' lang='lat' dir='ltr'><strong>labore</strong></span> <span class='ocrx_word' id='word_1_93' title='bbox 535 1932 645 2004; x_wconf 87' lang='lat' dir='ltr'><strong>vitam</strong></span> <span class='ocrx_word' id='word_1_94' title='bbox 658 1959 755 2004; x_wconf 90' lang='lat' dir='ltr'><strong>suam</strong></span> <span class='ocrx_word' id='word_1_95' title='bbox 771 1958 839 2031; x_wconf 88' lang='lat' dir='ltr'><strong>pro</strong></span> <span class='ocrx_word' id='word_1_96' title='bbox 852 1959 972 2006; x_wconf 87' lang='lat' dir='ltr'><strong>amore</strong></span> <span class='ocrx_word' id='word_1_97' title='bbox 985 1933 1117 2006; x_wconf 87' lang='lat' dir='ltr'><strong>Christi</strong></span> <span class='ocrx_word' id='word_1_98' title='bbox 1128 1936 1257 2009; x_wconf 73' lang='lat' dir='ltr'><strong>exarm-</strong></span> 
     </span>
     <span class='ocr_line' id='line_1_15' title="bbox 198 2016 1257 2138; baseline 0.005 -17"><span class='ocrx_word' id='word_1_99' title='bbox 198 2016 285 2122; x_wconf 79' lang='lat' dir='ltr'><strong>mire</strong></span> <span class='ocrx_word' id='word_1_100' title='bbox 300 2049 384 2121; x_wconf 91' lang='lat' dir='ltr'><strong>satis</strong></span> <span class='ocrx_word' id='word_1_101' title='bbox 401 2063 525 2123; x_wconf 88' lang='lat' dir='ltr'><strong>conata</strong></span> <span class='ocrx_word' id='word_1_102' title='bbox 545 2064 609 2122; x_wconf 88' lang='lat' dir='ltr'><strong>est.</strong></span> <span class='ocrx_word' id='word_1_103' title='bbox 631 2049 735 2122; x_wconf 88' lang='lat' dir='ltr'><strong>Unde</strong></span> <span class='ocrx_word' id='word_1_104' title='bbox 750 2051 901 2124; x_wconf 81' lang='lat' dir='ltr'><strong>Romam</strong></span> <span class='ocrx_word' id='word_1_105' title='bbox 921 2050 1027 2138; x_wconf 83' lang='lat' dir='ltr'><strong>adiit,</strong></span> <span class='ocrx_word' id='word_1_106' title='bbox 1049 2064 1257 2126; x_wconf 82' lang='lat' dir='ltr'><strong>sauctorum</strong></span> 
     </span>
     <span class='ocr_line' id='line_1_16' title="bbox 198 2164 1255 2267; baseline 0.001 -29"><span class='ocrx_word' id='word_1_107' title='bbox 198 2165 461 2265; x_wconf 83' lang='lat' dir='ltr'><strong>Apostolorum</strong></span> <span class='ocrx_word' id='word_1_108' title='bbox 471 2166 596 2238; x_wconf 89' lang='lat' dir='ltr'><strong>limina</strong></span> <span class='ocrx_word' id='word_1_109' title='bbox 611 2164 760 2264; x_wconf 86' lang='lat' dir='ltr'><strong>supplex</strong></span> <span class='ocrx_word' id='word_1_110' title='bbox 770 2192 838 2265; x_wconf 91' lang='lat' dir='ltr'><strong>pro</strong></span> <span class='ocrx_word' id='word_1_111' title='bbox 852 2191 888 2238; x_wconf 89' lang='lat' dir='ltr'><strong>se</strong></span> <span class='ocrx_word' id='word_1_112' title='bbox 900 2167 1042 2267; x_wconf 89' lang='lat' dir='ltr'><strong>suisque</strong></span> <span class='ocrx_word' id='word_1_113' title='bbox 1052 2167 1255 2266; x_wconf 82' lang='lat' dir='ltr'><strong>requisivit,</strong></span> 
     </span>
     <span class='ocr_line' id='line_1_17' title="bbox 200 2279 1258 2380; baseline 0.006 -30"><span class='ocrx_word' id='word_1_114' title='bbox 200 2279 324 2380; x_wconf 89' lang='lat' dir='ltr'><strong>ibique</strong></span> <span class='ocrx_word' id='word_1_115' title='bbox 334 2292 388 2352; x_wconf 83' lang='lat' dir='ltr'><strong>vr·</strong></span> <span class='ocrx_word' id='word_1_116' title='bbox 401 2279 479 2353; x_wconf 87' lang='lat' dir='ltr'><strong>idus</strong></span> <span class='ocrx_word' id='word_1_117' title='bbox 487 2281 642 2379; x_wconf 84' lang='lat' dir='ltr'><strong>januarii</strong></span> <span class='ocrx_word' id='word_1_118' title='bbox 655 2279 808 2380; x_wconf 84' lang='lat' dir='ltr'><strong>gloriose</strong></span> <span class='ocrx_word' id='word_1_119' title='bbox 821 2281 931 2352; x_wconf 86' lang='lat' dir='ltr'><strong>vitam</strong></span> <span class='ocrx_word' id='word_1_120' title='bbox 944 2279 1075 2353; x_wconf 81' lang='lat' dir='ltr'><strong>finivit.</strong></span> <span class='ocrx_word' id='word_1_121' title='bbox 1092 2282 1134 2354; x_wconf 91' lang='lat' dir='ltr'><strong>ln</strong></span> <span class='ocrx_word' id='word_1_122' title='bbox 1149 2282 1258 2356; x_wconf 85' lang='lat' dir='ltr'><strong>ecclc-</strong></span> 
     </span>
     <span class='ocr_line' id='line_1_18' title="bbox 200 2395 1256 2497; baseline 0 -28"><span class='ocrx_word' id='word_1_123' title='bbox 200 2398 268 2486; x_wconf 86' lang='lat' dir='ltr'><strong>sia,</strong></span> <span class='ocrx_word' id='word_1_124' title='bbox 282 2422 365 2497; x_wconf 84' lang='lat' dir='ltr'><strong>quae</strong></span> <span class='ocrx_word' id='word_1_125' title='bbox 379 2396 512 2470; x_wconf 90' lang='lat' dir='ltr'><strong>ibidem</strong></span> <span class='ocrx_word' id='word_1_126' title='bbox 530 2398 567 2468; x_wconf 91' lang='lat' dir='ltr'><strong>in</strong></span> <span class='ocrx_word' id='word_1_127' title='bbox 582 2396 720 2470; x_wconf 88' lang='lat' dir='ltr'><strong>honore</strong></span> <span class='ocrx_word' id='word_1_128' title='bbox 735 2401 839 2495; x_wconf 85' lang='lat' dir='ltr'><strong>ejusa</strong></span> <span class='ocrx_word' id='word_1_129' title='bbox 853 2395 1015 2471; x_wconf 86' lang='lat' dir='ltr'><strong>fidelibus</strong></span> <span class='ocrx_word' id='word_1_130' title='bbox 1031 2397 1179 2471; x_wconf 86' lang='lat' dir='ltr'><strong>condita</strong></span> <span class='ocrx_word' id='word_1_131' title='bbox 1192 2412 1256 2486; x_wconf 85' lang='lat' dir='ltr'><strong>est,</strong></span> 
     </span>
    </p>
   </div>
   <div class='ocr_carea' id='block_1_3' title="bbox 201 2510 1261 3314">
    <p class='ocr_par' dir='ltr' id='par_1_4' title="bbox 201 2510 1259 2729">
     <span class='ocr_line' id='line_1_19' title="bbox 202 2510 1259 2612; baseline 0.004 -29"><span class='ocrx_word' id='word_1_132' title='bbox 202 2511 373 2584; x_wconf 86' lang='lat' dir='ltr'><strong>tumulata</strong></span> <span class='ocrx_word' id='word_1_133' title='bbox 380 2512 545 2612; x_wconf 86' lang='lat' dir='ltr'><strong>quiescit,</strong></span> <span class='ocrx_word' id='word_1_134' title='bbox 554 2510 746 2612; x_wconf 89' lang='lat' dir='ltr'><strong>multisque</strong></span> <span class='ocrx_word' id='word_1_135' title='bbox 754 2510 1022 2600; x_wconf 86' lang='lat' dir='ltr'><strong>virtutibusbis,</strong></span> <span class='ocrx_word' id='word_1_136' title='bbox 1033 2512 1097 2611; x_wconf 89' lang='lat' dir='ltr'><strong>qui</strong></span> <span class='ocrx_word' id='word_1_137' title='bbox 1107 2511 1259 2587; x_wconf 78' lang='lat' dir='ltr'><strong>fideliter</strong></span> 
     </span>
     <span class='ocr_line' id='line_1_20' title="bbox 201 2629 1257 2729; baseline -0.001 -25"><span class='ocrx_word' id='word_1_138' title='bbox 201 2654 277 2704; x_wconf 91' lang='lat' dir='ltr'><strong>eam</strong></span> <span class='ocrx_word' id='word_1_139' title='bbox 294 2629 510 2728; x_wconf 88' lang='lat' dir='ltr'><strong>deposcunt,</strong></span> <span class='ocrx_word' id='word_1_140' title='bbox 524 2629 582 2728; x_wconf 91' lang='lat' dir='ltr'><strong>pie</strong></span> <span class='ocrx_word' id='word_1_141' title='bbox 595 2655 804 2702; x_wconf 85' lang='lat' dir='ltr'><strong>succurrens</strong></span> <span class='ocrx_word' id='word_1_142' title='bbox 820 2631 1016 2703; x_wconf 86' lang='lat' dir='ltr'><strong>veneranda</strong></span> <span class='ocrx_word' id='word_1_143' title='bbox 1030 2630 1177 2704; x_wconf 87' lang='lat' dir='ltr'><strong>nitescit</strong></span> <span class='ocrx_word' id='word_1_144' title='bbox 1187 2631 1257 2729; x_wconf 72' lang='lat'><strong>(4).&#39;</strong></span> 
     </span>
    </p>

    <p class='ocr_par' dir='ltr' id='par_1_5' title="bbox 202 2742 1261 3314">
     <span class='ocr_line' id='line_1_21' title="bbox 250 2742 1259 2846; baseline 0.002 -30"><span class='ocrx_word' id='word_1_145' title='bbox 250 2746 443 2846; x_wconf 90' lang='lat' dir='ltr'><strong>Postquam</strong></span> <span class='ocrx_word' id='word_1_146' title='bbox 471 2742 694 2818; x_wconf 88' lang='lat' dir='ltr'><strong>Brihtmerus</strong></span> <span class='ocrx_word' id='word_1_147' title='bbox 722 2745 923 2818; x_wconf 89' lang='lat' dir='ltr'><strong>Crulandiae</strong></span> <span class='ocrx_word' id='word_1_148' title='bbox 951 2744 1058 2817; x_wconf 89' lang='lat' dir='ltr'><strong>abbas</strong></span> <span class='ocrx_word' id='word_1_149' title='bbox 1085 2761 1157 2819; x_wconf 70' lang='lat' dir='ltr'><strong>vu&#39;</strong></span> <span class='ocrx_word' id='word_1_150' title='bbox 1183 2746 1259 2818; x_wconf 86' lang='lat' dir='ltr'><strong>idus</strong></span> 
     </span>
     <span class='ocr_line' id='line_1_22' title="bbox 202 2861 1261 2963; baseline 0.004 -33"><span class='ocrx_word' id='word_1_151' title='bbox 202 2862 322 2960; x_wconf 84' lang='lat' dir='ltr'><strong>aprilis</strong></span> <span class='ocrx_word' id='word_1_152' title='bbox 336 2864 388 2959; x_wconf 84' lang='lat'><strong>(5)</strong></span> <span class='ocrx_word' id='word_1_153' title='bbox 402 2861 507 2947; x_wconf 92' lang='lat' dir='ltr'><strong>obiit,</strong></span> <span class='ocrx_word' id='word_1_154' title='bbox 519 2861 937 2963; x_wconf 66' lang='lat' dir='ltr'><strong>vulfgeatusPegelandae</strong></span> <span class='ocrx_word' id='word_1_155' title='bbox 946 2879 1046 2961; x_wconf 89' lang='lat' dir='ltr'><strong>pater</strong></span> <span class='ocrx_word' id='word_1_156' title='bbox 1055 2861 1261 2935; x_wconf 84' lang='lat' dir='ltr'><strong>Eduardum</strong></span> 
     </span>
     <span class='ocr_line' id='line_1_23' title="bbox 203 2978 1261 3080; baseline 0.003 -29"><span class='ocrx_word' id='word_1_157' title='bbox 203 3004 323 3078; x_wconf 85' lang='lat' dir='ltr'><strong>regem</strong></span> <span class='ocrx_word' id='word_1_158' title='bbox 340 2978 502 3079; x_wconf 84' lang='lat' dir='ltr'><strong>Egelredi</strong></span> <span class='ocrx_word' id='word_1_159' title='bbox 519 2979 633 3052; x_wconf 91' lang='lat' dir='ltr'><strong>filium</strong></span> <span class='ocrx_word' id='word_1_160' title='bbox 651 2982 756 3078; x_wconf 89' lang='lat' dir='ltr'><strong>petiit</strong></span> <span class='ocrx_word' id='word_1_161' title='bbox 772 2995 813 3051; x_wconf 88' lang='lat' dir='ltr'><strong>nt</strong></span> <span class='ocrx_word' id='word_1_162' title='bbox 825 3006 946 3080; x_wconf 83' lang='lat' dir='ltr'><strong>greges</strong></span> <span class='ocrx_word' id='word_1_163' title='bbox 962 2979 1119 3052; x_wconf 87' lang='lat' dir='ltr'><strong>duorum</strong></span> <span class='ocrx_word' id='word_1_164' title='bbox 1136 3004 1261 3054; x_wconf 89' lang='lat' dir='ltr'><strong>coeuo·</strong></span> 
     </span>
     <span class='ocr_line' id='line_1_24' title="bbox 203 3092 1261 3195; baseline 0.002 -30"><span class='ocrx_word' id='word_1_165' title='bbox 203 3094 348 3166; x_wconf 88' lang='lat' dir='ltr'><strong>biorum</strong></span> <span class='ocrx_word' id='word_1_166' title='bbox 371 3096 594 3192; x_wconf 83' lang='lat' dir='ltr'><strong>permitteret</strong></span> <span class='ocrx_word' id='word_1_167' title='bbox 612 3095 779 3182; x_wconf 87' lang='lat' dir='ltr'><strong>adunari,</strong></span> <span class='ocrx_word' id='word_1_168' title='bbox 805 3097 938 3195; x_wconf 89' lang='lat' dir='ltr'><strong>Deique</strong></span> <span class='ocrx_word' id='word_1_169' title='bbox 962 3095 1004 3167; x_wconf 93' lang='lat' dir='ltr'><strong>ad</strong></span> <span class='ocrx_word' id='word_1_170' title='bbox 1029 3094 1172 3169; x_wconf 88' lang='lat' dir='ltr'><strong>laudem</strong></span> <span class='ocrx_word' id='word_1_171' title='bbox 1195 3092 1261 3167; x_wconf 89' lang='lat' dir='ltr'><strong>sub</strong></span> 
     </span>
     <span class='ocr_line' id='line_1_25' title="bbox 204 3212 1259 3314; baseline 0.002 -30"><span class='ocrx_word' id='word_1_172' title='bbox 204 3240 278 3285; x_wconf 91' lang='lat' dir='ltr'><strong>uno</strong></span> <span class='ocrx_word' id='word_1_173' title='bbox 301 3212 428 3286; x_wconf 87' lang='lat' dir='ltr'><strong>abbate</strong></span> <span class='ocrx_word' id='word_1_174' title='bbox 451 3230 487 3286; x_wconf 90' lang='lat' dir='ltr'><strong>et</strong></span> <span class='ocrx_word' id='word_1_175' title='bbox 507 3212 572 3285; x_wconf 92' lang='lat' dir='ltr'><strong>sub</strong></span> <span class='ocrx_word' id='word_1_176' title='bbox 595 3239 665 3285; x_wconf 90' lang='lat' dir='ltr'><strong>una</strong></span> <span class='ocrx_word' id='word_1_177' title='bbox 687 3214 762 3314; x_wconf 87' lang='lat' dir='ltr'><strong>lege</strong></span> <span class='ocrx_word' id='word_1_178' title='bbox 786 3241 899 3285; x_wconf 89' lang='lat' dir='ltr'><strong>unum</strong></span> <span class='ocrx_word' id='word_1_179' title='bbox 916 3228 1136 3287; x_wconf 88' lang='lat' dir='ltr'><strong>conventum</strong></span> <span class='ocrx_word' id='word_1_180' title='bbox 1159 3212 1259 3287; x_wconf 89' lang='lat' dir='ltr'><strong>effici.</strong></span> 
     </span>
    </p>
   </div>
   <div class='ocr_carea' id='block_1_4' title="bbox 207 3463 1260 4243">
    <p class='ocr_par' dir='ltr' id='par_1_6' title="bbox 239 3463 430 3534">
     <span class='ocr_line' id='line_1_26' title="bbox 239 3463 430 3534; baseline 0.005 -17"><span class='ocrx_word' id='word_1_181' title='bbox 239 3466 278 3534; x_wconf 87' lang='lat'><strong>(1)</strong></span> <span class='ocrx_word' id='word_1_182' title='bbox 298 3465 338 3517; x_wconf 87' lang='lat' dir='ltr'><strong>En</strong></span> <span class='ocrx_word' id='word_1_183' title='bbox 356 3463 430 3518; x_wconf 82' lang='lat'>1005.</span> 
     </span>
    </p>

    <p class='ocr_par' dir='ltr' id='par_1_7' title="bbox 241 3553 433 3623">
     <span class='ocr_line' id='line_1_27' title="bbox 241 3553 433 3623; baseline 0.01 -18"><span class='ocrx_word' id='word_1_184' title='bbox 241 3555 280 3623; x_wconf 82' lang='lat' dir='ltr'><strong>(a)</strong></span> <span class='ocrx_word' id='word_1_185' title='bbox 299 3553 340 3607; x_wconf 89' lang='lat' dir='ltr'><strong>En</strong></span> <span class='ocrx_word' id='word_1_186' title='bbox 357 3553 433 3608; x_wconf 83' lang='lat'><strong>1018.</strong></span> 
     </span>
    </p>

    <p class='ocr_par' dir='ltr' id='par_1_8' title="bbox 239 3641 1056 3713">
     <span class='ocr_line' id='line_1_28' title="bbox 239 3641 1056 3713; baseline 0.004 -18"><span class='ocrx_word' id='word_1_187' title='bbox 239 3641 281 3709; x_wconf 77' lang='lat'><strong>(5)</strong></span> <span class='ocrx_word' id='word_1_188' title='bbox 300 3642 486 3712; x_wconf 81' lang='lat' dir='ltr'><strong>Aujourd’hui</strong></span> <span class='ocrx_word' id='word_1_189' title='bbox 498 3642 629 3708; x_wconf 63' lang='lat' dir='ltr'><strong>Petelina,</strong></span> <span class='ocrx_word' id='word_1_190' title='bbox 644 3641 711 3696; x_wconf 87' lang='lat' dir='ltr'><strong>daus</strong></span> <span class='ocrx_word' id='word_1_191' title='bbox 724 3643 749 3696; x_wconf 90' lang='lat' dir='ltr'><strong>le</strong></span> <span class='ocrx_word' id='word_1_192' title='bbox 763 3641 1056 3713; x_wconf 77' lang='lat' dir='ltr'><strong>Northampsonshire.</strong></span> 
     </span>
    </p>

    <p class='ocr_par' dir='ltr' id='par_1_9' title="bbox 207 3726 1260 4153">
     <span class='ocr_line' id='line_1_29' title="bbox 241 3726 1259 3805; baseline -0.004 -20"><span class='ocrx_word' id='word_1_193' title='bbox 241 3732 278 3800; x_wconf 70' lang='lat'><strong>(4)</strong></span> <span class='ocrx_word' id='word_1_194' title='bbox 297 3729 343 3785; x_wconf 90' lang='lat' dir='ltr'><strong>On</strong></span> <span class='ocrx_word' id='word_1_195' title='bbox 361 3730 436 3803; x_wconf 84' lang='lat' dir='ltr'><strong>place</strong></span> <span class='ocrx_word' id='word_1_196' title='bbox 444 3750 479 3786; x_wconf 89' lang='lat' dir='ltr'><strong>cu</strong></span> <span class='ocrx_word' id='word_1_197' title='bbox 491 3750 541 3805; x_wconf 86' lang='lat'><strong>7¹7</strong></span> <span class='ocrx_word' id='word_1_198' title='bbox 555 3731 581 3786; x_wconf 89' lang='lat' dir='ltr'><strong>le</strong></span> <span class='ocrx_word' id='word_1_199' title='bbox 597 3749 699 3804; x_wconf 75' lang='lat' dir='ltr'><strong>voyage</strong></span> <span class='ocrx_word' id='word_1_200' title='bbox 711 3729 746 3784; x_wconf 86' lang='lat' dir='ltr'><strong>de</strong></span> <span class='ocrx_word' id='word_1_201' title='bbox 761 3732 846 3785; x_wconf 86' lang='lat' dir='ltr'><strong>sainte</strong></span> <span class='ocrx_word' id='word_1_202' title='bbox 860 3730 932 3801; x_wconf 87' lang='lat' dir='ltr'><strong>cha</strong></span> <span class='ocrx_word' id='word_1_203' title='bbox 944 3733 960 3783; x_wconf 76' lang='lat' dir='ltr'><strong>a</strong></span> <span class='ocrx_word' id='word_1_204' title='bbox 972 3728 1068 3783; x_wconf 88' lang='lat' dir='ltr'><strong>Rome.</strong></span> <span class='ocrx_word' id='word_1_205' title='bbox 1088 3726 1136 3782; x_wconf 87' lang='lat' dir='ltr'><strong>On</strong></span> <span class='ocrx_word' id='word_1_206' title='bbox 1151 3744 1186 3782; x_wconf 88' lang='lat' dir='ltr'><strong>ue</strong></span> <span class='ocrx_word' id='word_1_207' title='bbox 1199 3744 1259 3802; x_wconf 84' lang='lat' dir='ltr'><strong>pos·</strong></span> 
     </span>
     <span class='ocr_line' id='line_1_30' title="bbox 207 3817 1260 3895; baseline 0 -23"><span class='ocrx_word' id='word_1_208' title='bbox 207 3819 270 3873; x_wconf 77' lang='lat' dir='ltr'><strong>sbdc</strong></span> <span class='ocrx_word' id='word_1_209' title='bbox 283 3838 372 3873; x_wconf 89' lang='lat' dir='ltr'><strong>aucun</strong></span> <span class='ocrx_word' id='word_1_210' title='bbox 385 3823 606 3893; x_wconf 81' lang='lat' dir='ltr'><strong>reusciguernent</strong></span> <span class='ocrx_word' id='word_1_211' title='bbox 619 3840 667 3876; x_wconf 86' lang='lat' dir='ltr'><strong>sur</strong></span> <span class='ocrx_word' id='word_1_212' title='bbox 675 3821 801 3895; x_wconf 81' lang='lat' dir='ltr'><strong>l’epoque</strong></span> <span class='ocrx_word' id='word_1_213' title='bbox 815 3821 849 3875; x_wconf 88' lang='lat' dir='ltr'><strong>de</strong></span> <span class='ocrx_word' id='word_1_214' title='bbox 866 3839 893 3875; x_wconf 89' lang='lat' dir='ltr'><strong>sa</strong></span> <span class='ocrx_word' id='word_1_215' title='bbox 906 3831 992 3887; x_wconf 85' lang='lat' dir='ltr'><strong>mort,</strong></span> <span class='ocrx_word' id='word_1_216' title='bbox 1005 3837 1060 3873; x_wconf 85' lang='lat' dir='ltr'><strong>nou</strong></span> <span class='ocrx_word' id='word_1_217' title='bbox 1074 3817 1138 3891; x_wconf 87' lang='lat' dir='ltr'><strong>plus</strong></span> <span class='ocrx_word' id='word_1_218' title='bbox 1150 3836 1205 3894; x_wconf 86' lang='lat' dir='ltr'><strong>que</strong></span> <span class='ocrx_word' id='word_1_219' title='bbox 1216 3836 1260 3872; x_wconf 80' lang='lat' dir='ltr'><strong>sur</strong></span> 
     </span>
     <span class='ocr_line' id='line_1_31' title="bbox 209 3906 1259 3984; baseline 0.003 -25"><span class='ocrx_word' id='word_1_220' title='bbox 209 3906 233 3959; x_wconf 78' lang='lat' dir='ltr'><strong>lo</strong></span> <span class='ocrx_word' id='word_1_221' title='bbox 246 3907 319 3961; x_wconf 88' lang='lat' dir='ltr'><strong>culte</strong></span> <span class='ocrx_word' id='word_1_222' title='bbox 331 3910 378 3980; x_wconf 87' lang='lat' dir='ltr'><strong>qni</strong></span> <span class='ocrx_word' id='word_1_223' title='bbox 390 3908 429 3961; x_wconf 90' lang='lat' dir='ltr'><strong>lui</strong></span> <span class='ocrx_word' id='word_1_224' title='bbox 442 3911 530 3963; x_wconf 88' lang='lat' dir='ltr'><strong>aurait</strong></span> <span class='ocrx_word' id='word_1_225' title='bbox 543 3913 586 3964; x_wconf 79' lang='lat' dir='ltr'><strong>etc</strong></span> <span class='ocrx_word' id='word_1_226' title='bbox 603 3910 689 3965; x_wconf 89' lang='lat' dir='ltr'><strong>rendu</strong></span> <span class='ocrx_word' id='word_1_227' title='bbox 702 3929 736 3964; x_wconf 90' lang='lat' dir='ltr'><strong>ou</strong></span> <span class='ocrx_word' id='word_1_228' title='bbox 753 3910 855 3983; x_wconf 69' lang='lat' dir='ltr'><strong>l’eglise</strong></span> <span class='ocrx_word' id='word_1_229' title='bbox 864 3911 911 3984; x_wconf 90' lang='lat' dir='ltr'><strong>qui</strong></span> <span class='ocrx_word' id='word_1_230' title='bbox 923 3911 1012 3963; x_wconf 85' lang='lat' dir='ltr'><strong>aurait</strong></span> <span class='ocrx_word' id='word_1_231' title='bbox 1025 3909 1069 3962; x_wconf 72' lang='lat' dir='ltr'><strong>ote</strong></span> <span class='ocrx_word' id='word_1_232' title='bbox 1080 3907 1156 3962; x_wconf 71' lang='lat' dir='ltr'><strong>batis</strong></span> <span class='ocrx_word' id='word_1_233' title='bbox 1167 3926 1202 3962; x_wconf 87' lang='lat' dir='ltr'><strong>eu</strong></span> <span class='ocrx_word' id='word_1_234' title='bbox 1214 3923 1259 3961; x_wconf 82' lang='lat' dir='ltr'><strong>sou</strong></span> 
     </span>
     <span class='ocr_line' id='line_1_32' title="bbox 211 3995 1258 4071; baseline 0.004 -25"><span class='ocrx_word' id='word_1_235' title='bbox 211 3995 338 4050; x_wconf 81' lang='lat' dir='ltr'><strong>honneur</strong></span> <span class='ocrx_word' id='word_1_236' title='bbox 352 3996 418 4051; x_wconf 89' lang='lat' dir='ltr'><strong>dans</strong></span> <span class='ocrx_word' id='word_1_237' title='bbox 433 4008 502 4052; x_wconf 87' lang='lat' dir='ltr'><strong>ccttc</strong></span> <span class='ocrx_word' id='word_1_238' title='bbox 518 3999 589 4052; x_wconf 80' lang='lat' dir='ltr'><strong>ville.</strong></span> <span class='ocrx_word' id='word_1_239' title='bbox 601 4000 693 4071; x_wconf 70' lang='lat' dir='ltr'><strong>Voycz</strong></span> <span class='ocrx_word' id='word_1_240' title='bbox 708 4004 722 4053; x_wconf 73' lang='lat' dir='ltr'><strong>a</strong></span> <span class='ocrx_word' id='word_1_241' title='bbox 735 4018 765 4053; x_wconf 84' lang='lat' dir='ltr'><strong>cc</strong></span> <span class='ocrx_word' id='word_1_242' title='bbox 780 4000 849 4069; x_wconf 78' lang='lat' dir='ltr'><strong>sajet</strong></span> <span class='ocrx_word' id='word_1_243' title='bbox 866 4000 890 4052; x_wconf 90' lang='lat' dir='ltr'><strong>lc</strong></span> <span class='ocrx_word' id='word_1_244' title='bbox 904 3998 1004 4053; x_wconf 87' lang='lat' dir='ltr'><strong>rccncil</strong></span> <span class='ocrx_word' id='word_1_245' title='bbox 1020 3997 1067 4051; x_wconf 86' lang='lat' dir='ltr'><strong>des</strong></span> <span class='ocrx_word' id='word_1_246' title='bbox 1086 3995 1258 4051; x_wconf 80' lang='lat' dir='ltr'><strong>Bollaudistet</strong></span> 
     </span>
     <span class='ocr_line' id='line_1_33' title="bbox 212 4087 384 4153; baseline 0.023 -20"><span class='ocrx_word' id='word_1_247' title='bbox 212 4089 243 4150; x_wconf 69' lang='lat' dir='ltr'><strong>(a</strong></span> <span class='ocrx_word' id='word_1_248' title='bbox 255 4087 384 4153; x_wconf 78' lang='lat' dir='ltr'><strong>juuvier).</strong></span> 
     </span>
    </p>

    <p class='ocr_par' dir='ltr' id='par_1_10' title="bbox 247 4173 434 4243">
     <span class='ocr_line' id='line_1_34' title="bbox 247 4173 434 4243; baseline 0.021 -18"><span class='ocrx_word' id='word_1_249' title='bbox 247 4173 283 4243; x_wconf 72' lang='lat' dir='ltr'><strong>(si)</strong></span> <span class='ocrx_word' id='word_1_250' title='bbox 304 4177 343 4228; x_wconf 85' lang='lat' dir='ltr'><strong>En</strong></span> <span class='ocrx_word' id='word_1_251' title='bbox 362 4178 434 4241; x_wconf 58' lang='lat'>1048.</span> 
     </span>
    </p>
   </div>
   <div class='ocr_carea' id='block_1_5' title="bbox 0 0 1486 4980">
    <p class='ocr_par' dir='ltr' id='par_1_11' title="bbox 0 0 1486 4980">
     <span class='ocr_line' id='line_1_35' title="bbox 0 0 1486 4980; baseline 0 0"><span class='ocrx_word' id='word_1_252' title='bbox 0 0 1486 4980; x_wconf 95' lang='lat' dir='ltr'><strong> </strong></span> 
     </span>
    </p>
   </div>
  </div>
 </body>
</html>
