2910 4980
552 425 668 487 LIBER
690 423 875 499 QUINTUS.
1193 421 1249 481 stt

188 567 361 653 regnante
369 549 503 634 Leone,
516 545 630 618 fulsit.
645 540 982 617 TuncChildericus
992 541 1148 616 lllerovei
1161 539 1254 612 lilius

190 669 228 741 in
249 665 362 738 Gallia
380 662 555 764 regnavit.

191 825 233 886 al.
330 816 420 873 Fubit
429 813 597 881 findamus,
614 821 707 886 pastor
720 830 796 868 sacer
808 823 891 887 atque
901 812 1054 885 benignus,

331 903 450 978 Dapsilis
460 912 488 958 et
500 911 642 968 constans,
658 901 735 956 serbi
747 918 861 975 quoqne
873 898 979 955 lumine
992 898 1121 972 flagrans.

190 1041 259 1113 llic
281 1065 329 1112 xv
348 1041 468 1127 annis,
495 1054 656 1136 tempore
679 1037 824 1125 Felicis,
847 1035 998 1124 Gelani,
1024 1035 1198 1109 Anastasii
1222 1050 1260 1107 et

191 1151 397 1254 Symmachi
422 1179 618 1252 paparum,
643 1150 711 1223 sub
736 1154 882 1227 Zenone
906 1152 1069 1252 Augusto
1091 1153 1258 1242 emicuit,

192 1289 230 1346 et
244 1271 391 1345 beatum
404 1270 565 1343 Laudum
580 1269 933 1344 constantiniensem
946 1269 1155 1368 episcopum
1171 1293 1260 1341 con-

194 1390 358 1465 secravit.
375 1391 480 1461 Tunc
494 1388 675 1486 Remigius
690 1387 875 1460 llcmensis
887 1401 923 1459 et
933 1386 1112 1460 Solemnis
1124 1384 1260 1458 Carno-

194 1505 305 1578 tensis
323 1530 363 1576 ac
378 1502 550 1580 Vedastus
568 1500 813 1574 Atrebatensis
829 1500 1060 1589 claruerunt,
1079 1516 1115 1573 et
1134 1500 1261 1573 Mero-

193 1620 344 1720 siugum
361 1616 582 1723 Clodoveum
597 1642 719 1716 regem
733 1618 958 1690 Francorum
969 1641 1067 1691 anno
1084 1614 1130 1689 ab
1147 1616 1262 1687 incar·

193 1736 341 1809 natione
369 1735 560 1810 Dominica
594 1748 694 1805 cccc⁰
722 1749 832 1805 uxxx⁰
863 1744 947 1806 v111⁰
974 1733 1259 1831 baptizaverunt.

195 1852 322 1926 Tertio
341 1849 574 1951 postmodum
592 1875 690 1922 anno
705 1850 900 1922 Mamertus
914 1848 1127 1923 Viennensis
1142 1849 1264 1921 archi-

195 1969 383 2070 episcopus
403 1966 453 2042 ob
471 1967 721 2039 imminentem
734 1963 871 2038 cladem
889 1965 1065 2039 solemnes
1087 1965 1260 2038 letanias:

196 2086 234 2159 id
252 2101 306 2159 est
323 2084 528 2185 rogationes
550 2099 633 2157 ante
652 2082 906 2156 Ascensiouem
922 2082 1071 2157 Domini
1089 2082 1261 2156 instituit.

196 2204 379 2280 Victorius
388 2200 591 2274 Paschalem
602 2201 744 2301 cyclum
752 2224 882 2273 uxxxn
897 2225 1192 2299 annorum,papu
1203 2201 1265 2272 lli-

197 2321 288 2393 lario
295 2317 460 2418 jubente,
477 2319 630 2416 scripsit.
646 2315 807 2391 Odoacer
815 2343 879 2391 rex
890 2315 1098 2392 Gothorum
1110 2318 1264 2390 llomam

196 2433 380 2521 obtinuit,
396 2459 504 2533 quam
517 2432 646 2506 exinde
658 2441 757 2532 reges
769 2457 896 2505 eorum
907 2431 1150 2506 Theodericus
1161 2434 1264 2504 Tria·

196 2552 273 2625 rius
288 2569 326 2624 et
343 2549 585 2625 Theodericus
595 2548 806 2646 Walamer(
815 2552 845 2646 ι)
863 2548 997 2620 diutius
1010 2563 1171 2623 tenuere.
1191 2550 1265 2622 Ho-

197 2670 339 2741 nericus
356 2696 419 2741 rex
430 2667 675 2742 Vandalorum
692 2668 867 2740 Arrianus
878 2667 918 2738 in
930 2666 1071 2756 Africa,
1084 2666 1264 2767 diffugatis

196 2786 278 2884 plus
305 2811 480 2859 cccxxxvr
512 2786 685 2885 episcopis
709 2785 918 2875 catholicis,
951 2785 1111 2859 ecclesias
1137 2813 1266 2860 eorum

199 2905 345 2991 clausit,
366 2904 541 3004 variisque
557 2902 700 3002 plebem
717 2902 899 3003 suppliciis
919 2903 1049 2977 affecit.
1075 2902 1266 2977 Gildardus

201 3020 471 3119 Rotomagensis
484 3038 521 3093 et
532 3018 722 3093 Medardus
732 3019 995 3093 Suessionensis
1005 3018 1185 3094 Nectanlo
1195 3020 1266 3093 No

201 3140 373 3212 riomensi
387 3155 488 3237 patre
501 3153 537 3211 et
549 3138 713 3237 Protagia
728 3155 841 3210 matre
861 3138 937 3209 nati
958 3153 1064 3226 sunt,
1086 3135 1267 3236 amboque

200 3271 255 3325 vr·
268 3254 346 3328 idus
353 3256 447 3354 jonii
458 3253 501 3327 ad
510 3255 708 3328 Dominum
723 3254 980 3354 migraverunt.
990 3252 1044 3325 lle
1056 3251 1127 3325 illis
1137 3278 1266 3353 nempe

201 3373 350 3472 insignis
366 3370 559 3446 Audoenus
576 3373 626 3443 sic
643 3370 868 3444 versificavit.

339 3521 377 3575 Hi
389 3531 453 3574 sunt
463 3519 617 3577 Gildardus
626 3520 726 3575 fratres
740 3517 844 3593 gemini
855 3528 937 3592 atquc
951 3518 1107 3573 Medardus.

340 3610 403 3663 Una
413 3608 472 3664 dies
485 3620 563 3664 natos
575 3619 657 3665 utero
672 3608 798 3682 viditque
810 3616 942 3674 sacratos,

340 3697 418 3753 Albis
429 3697 558 3765 indutos,
574 3707 604 3752 et
615 3696 650 3752 ab
663 3698 714 3752 ista
726 3715 809 3752 carne
822 3696 925 3752 solutos
936 3694 985 3769 (a).

231 3913 273 3982 (ι)
292 3911 387 3967 Lisez:
409 3913 598 3968 Theodericus
602 3954 654 3967 .....
670 3922 697 3966 et
714 3911 904 3968 Theodericus
908 3953 961 3966 .....

235 4003 274 4071 (a)
293 4000 369 4056 Nous
382 4020 417 4058 ne
429 4020 552 4075 pouvons
568 4003 656 4057 croire
667 4018 723 4075 que
735 4018 780 4057 ces
794 4018 853 4056 vers
868 4002 957 4057 soient
970 4001 1005 4055 de
1017 4002 1089 4054 saint
1106 3999 1203 4069 Ouest,
1217 4005 1266 4077 qui

201 4093 285 4147 vivait
305 4094 320 4146 h
341 4112 395 4146 une
416 4096 523 4164 e'poque
544 4103 607 4165 trop
624 4091 795 4164 rapprochec
817 4089 852 4146 de
872 4092 943 4145 saint
963 4089 1080 4146 Godard
1096 4100 1124 4145 et
1143 4090 1179 4146 tle
1195 4093 1268 4150 saint

205 4179 318 4234 stridant
337 4199 407 4251 pour
427 4199 460 4235 nc
480 4199 527 4252 pas
546 4182 633 4235 savoir
650 4198 704 4253 quc
721 4180 746 4234 lc
765 4182 885 4253 premier
897 4181 964 4237 etait
982 4191 1057 4235 mort
1072 4189 1152 4236 avant
1168 4199 1224 4254 que
1243 4181 1269 4236 le
