2910 4980
192 386 297 461 [1050]
559 376 675 438 cicun
694 377 872 436 nunnus.

192 502 237 575 ad
255 501 333 575 haee
345 500 498 572 decimas
510 497 756 587 teloneorum,
770 522 966 597 omnesque
979 500 1253 573 consuetudines

193 633 268 691 tam
277 615 573 716 sylvarumquam
581 613 731 685 aliarum
739 637 876 700 rerum,
885 638 968 712 quae
978 629 1065 684 tnnc
1074 613 1255 687 debeban-

196 748 258 813 tua·
275 732 328 804 illi
347 733 384 804 in
401 729 545 803 Escalfo
564 730 655 804 etin
671 727 929 803 Monasteriolo
945 746 1051 830 atquo
1068 731 1104 803 in
1123 732 1252 831 Sappo.

243 849 359 948 [gitur
382 865 573 947 postquam
594 847 658 919 Dei
681 844 839 920 donante
860 848 971 946 gratia
995 862 1048 918 est
1070 846 1256 922 ordinatus

196 964 360 1068 praedicti
391 962 552 1038 coenobii
585 961 692 1034 abbas
721 963 960 1053 Teodericus‚
992 967 1080 1039 emit
1111 966 1184 1064 ipse
1214 963 1259 1036 ab

196 1081 359 1156 Ernaldo
384 1081 525 1181 praelati
552 1078 734 1151 Willermi
761 1077 856 1165 lilio,
882 1081 1129 1155 consentiente
1157 1082 1259 1153 Rod-

197 1195 304 1271 berto
322 1194 501 1269 avunculo
514 1218 593 1281 suo,
610 1207 647 1266 et
653 1190 804 1291 jubente
817 1192 1014 1268 Willermo
1031 1197 1163 1268 comite
1180 1212 1258 1270 ter-

200 1339 277 1385 ram
288 1309 334 1384 de
349 1308 579 1409 Balgenzaio,
596 1309 688 1380 sicut
704 1335 782 1381 cam
795 1322 958 1380 tenuerat
973 1309 1155 1381 Baldricus
1172 1316 1260 1408 ejus-

200 1427 284 1503 dcm
296 1427 439 1501 comitis
450 1423 667 1513 archearius,
682 1439 719 1499 et
734 1439 873 1524 partem
885 1441 992 1499 terrae
1004 1426 1165 1516 Escalfo,
1181 1455 1262 1527 quae

202 1561 255 1619 est
272 1544 339 1616 sita
353 1544 448 1617 inter·
463 1542 603 1641 Aquam
617 1542 758 1642 nigram
774 1557 811 1614 ct
826 1540 1080 1633 Car-entonam,
1098 1560 1135 1618 et
1147 1549 1264 1618 Exar-

204 1676 282 1734 tum
303 1660 470 1747 Henrici,
495 1673 532 1731 et
553 1656 725 1730 decimam
750 1656 948 1731 molendini
972 1660 1016 1734 de
1036 1660 1178 1735 Escalfo
1192 1664 1261 1759 (1).

203 1776 310 1851 Dedit
338 1791 510 1875 praeterea
532 1791 666 1848 terram
694 1775 877 1875 Altaeripae
907 1779 981 1875 ipse
1005 1778 1182 1852 Ernaldus
1210 1782 1264 1852 ci-

203 1894 286 1967 dem
307 1891 498 1980 coenobio,
525 1908 561 1965 et
585 1918 821 1991 quocumque
843 1892 888 1963 ad
911 1919 988 1965 eam
1014 1894 1262 1992 pertinebant,

204 2037 288 2082 cum
298 2008 466 2083 omuibus
475 2009 700 2081 monasteriis
710 2008 782 2079 suis
793 2021 829 2080 et
838 2009 943 2080 terris
953 2009 1261 2110 presbyterorum,

205 2142 241 2199 et
256 2142 390 2200 terram
406 2124 450 2197 dc
462 2123 573 2198 Doith
588 2124 724 2197 Mulsut
737 2124 806 2221 (2)

253 2245 417 2344 Denique
446 2242 659 2315 Willermus
687 2240 800 2314 frater
824 2245 919 2340 ejus,
949 2242 1043 2317 lilius
1075 2244 1267 2344 supradicti

205 2390 345 2399 -——-—·-

240 2447 278 2516 (ι)
305 2444 460 2499 Willelmus
480 2462 569 2498 comes
584 2441 692 2515 signific
705 2443 740 2496 ici
757 2441 784 2496 le
798 2442 852 2498 duc
865 2443 1036 2513 Guillaume.
1050 2447 1092 2503 En
1106 2406 1215 2520 general
1228 2449 1267 2504 les

204 2531 407 2606 qualifications
427 2548 483 2605 que
505 2532 650 2604 prenaient
669 2548 720 2584 nos
739 2528 807 2585 ducs
829 2533 933 2586 e'taient
950 2534 1006 2588 fort
1025 2534 1166 2591 variables.
1187 2536 1264 2591 Nous

206 2639 289 2679 avons
300 2640 336 2675 vu
350 2620 486 2676 cidessus
499 2637 554 2693 que
566 2618 692 2674 Richard
704 2619 737 2672 I‘r
753 2621 825 2676 avait
839 2639 905 2695 recu
918 2621 957 2677 du
968 2624 1009 2678 roi
1023 2623 1058 2679 de
1069 2624 1176 2681 Franco
1188 2637 1217 2681 et
1228 2627 1266 2681 dn

207 2722 277 2777 pape
289 2703 359 2758 celle
369 2701 405 2756 de
418 2702 572 2756 marchisus
591 2701 832 2771 Narmanaornm,
845 2716 941 2778 etque
954 2705 1097 2763 lui-mdme
1110 2709 1268 2765 a'iutitulait

208 2794 331 2847 marclu'o
351 2793 589 2847 Normannorum.
610 2791 658 2846 Ses
679 2809 848 2847 successeurs
869 2795 1026 2850 immediata
1039 2799 1146 2869 prireut
1159 2799 1185 2853 le
1201 2801 1268 2854 titre

208 2880 244 2936 de
255 2880 324 2935 dues
334 2878 433 2952 etplus
445 2889 559 2934 souvent
571 2877 644 2932 celui
657 2877 691 2932 de
707 2890 810 2935 comtes
822 2880 871 2935 des
887 2881 1061 2951 Normands,
1075 2885 1157 2958 qu’on
1170 2897 1267 2941 trouva.

206 2984 308 3023 encore
319 2967 389 3022 daus
399 2965 534 3041 quelques
546 2965 656 3021 chartea
667 2965 703 3021 dc
719 2965 1061 3024 Robert-Courte-Heusc.
1085 2971 1108 3025 ll
1128 2984 1169 3027 cst
1187 2975 1266 3046 quel·

206 3057 315 3132 quelois
334 3054 471 3128 cemplace'
492 3073 543 3126 par
566 3053 637 3111 celui
658 3054 694 3109 de
712 3056 816 3110 consul.
836 3057 910 3111 Dans
930 3076 986 3113 une
998 3059 1093 3114 charte
1107 3061 1142 3114 de
1159 3062 1265 3126 Raoul‚

206 3157 298 3203 comte
312 3145 409 3213 d‘lvri,
422 3144 535 3218 redigee
547 3162 596 3218 par
607 3142 707 3225 Dudou
723 3145 757 3199 de
771 3147 1008 3218 saint-Quando,
1024 3161 1115 3205 tontes
1126 3171 1170 3207 ces
1183 3155 1268 3226 quali-

207 3234 334 3290 ficatious
348 3233 465 3302 deduc,
483 3232 519 3286 dc
537 3232 676 3305 nmquis,
694 3231 730 3286 de
749 3245 839 3289 comte
852 3247 880 3292 et
895 3234 930 3292 da
944 3226 1038 3293 consul
1048 3239 1096 3293 dcs
1109 3240 1266 3296 normands

207 3336 271 3383 sont
290 3323 461 3380 accumulem
477 3341 524 3377 eur
540 3323 566 3376 la
579 3323 635 3379 tete
646 3321 682 3378 de
695 3322 819 3379 Richard
832 3324 860 3380 11
864 3367 870 3379 .
884 3327 908 3382 ll
918 3346 937 3400 y
946 3328 1038 3400 ajoute
1048 3331 1138 3385 mdme
1151 3333 1219 3386 celle
1228 3331 1263 3386 de

204 3419 337 3487 patritius
348 3413 498 3485 almssrucs.

240 3504 320 3559 Nous
329 3519 414 3557 avons
426 3500 487 3571 dej'a
496 3500 539 3554 dit
549 3499 836 3574 queBalgenzaium
823 3504 890 3557 ctait
903 3505 1029 3575 aujourd’
1030 3506 1079 3559 hui
1095 3508 1265 3580 [locquencc

207 3595 245 3649 la
262 3593 352 3667 petite
371 3590 469 3645 rivieoe
485 3589 521 3644 de
540 3589 752 3645 Noireaucoule
764 3591 1051 3647 surlacommuucdc
1062 3595 1221 3669 'louquette
1235 3610 1264 3652 et

208 3674 329 3738 donuait
342 3699 394 3735 son
408 3682 474 3733 dom
486 3682 501 3731 ’a
514 3696 554 3732 un
563 3677 613 3733 fies
620 3679 669 3753 qui
681 3681 855 3752 appartenait
866 3683 882 3733 a
892 3681 911 3735 l’
911 3681 1023 3753 abbaye.
1040 3682 1063 3735 Il
1076 3701 1094 3736 u
1096 3684 1189 3739 existe
1202 3686 1264 3758 plus

208 3773 341 3829 affirmo
341 3769 429 3825 Henri
442 3768 510 3823 dans
527 3785 559 3823 ce
575 3769 708 3842 quartier,
730 3768 799 3823 mais
814 3786 869 3823 unc
889 3771 977 3842 partie
991 3771 1179 3827 considerable
1191 3775 1226 3830 de
1239 3776 1264 3829 la

208 3862 280 3919 totu
290 3860 327 3916 de
337 3845 544 3916 saint-dmm
555 3856 683 3929 cappello
695 3855 815 3911 l’Essart.

239 3953 280 4023 (a)
291 3948 445 4005 Hauterive
455 3949 518 4021 pret
529 3945 668 4019 Aleucou3
672 3947 721 4001 le
732 3947 836 4002 Donet·
839 3948 960 4018 Moussu,
976 3952 1098 4005 ruisseau
1107 3968 1154 4006 sur
1161 3951 1264 4007 Notio-

208 4040 307 4095 Damc·
309 4037 363 4093 du-
366 4036 444 4105 Bois,
459 4035 584 4091 donnant
599 4053 649 4089 sou
663 4053 728 4089 uom
743 4056 757 4089 a
769 4054 825 4090 une
836 4039 1016 4093 vavassorcrie
1030 4040 1078 4112 qui
1092 4043 1263 4113 appartenait

207 4127 358 4198 'al'abbaye
367 4136 396 4180 et
409 4125 452 4180 l'ut
464 4123 594 4178 alience
580 4144 613 4177 tn
633 4121 708 4195 1595.
