2910 4980
189 462 280 536 [xrvt
295 477 358 517 ocr.
376 458 465 534 1066]
559 451 675 515 LIBER
698 453 873 514 TERTIUS.
1197 457 1253 517 ltu

190 576 341 667 tissimi,
360 589 397 649 et
412 598 570 673 quorum
594 572 741 645 nomina
764 571 996 645 historiarum
1012 573 1255 646 voluminibus

191 697 288 768 inter
312 691 599 767 bellicosissimos
623 690 866 764 commendari
890 688 1023 763 deceat.
1045 691 1257 764 Willermus

191 838 278 887 vero
295 810 368 883 dux
383 835 512 885 eorum
528 805 720 908 praestabat
737 807 786 881 eis
808 805 1025 880 fortitudine
1043 821 1077 880 et
1096 807 1258 905 prudeu-

193 929 254 1002 tia.
274 926 366 1001 Nam
386 925 445 1001 ille
464 924 638 998 nobiliter
653 923 849 997 exercitum
866 921 989 1011 duxit,
1008 922 1179 997 cohibens
1196 924 1259 997 fu-

191 1071 295 1147 gam,
318 1043 405 1116 daus
427 1043 589 1130 animos,
612 1039 763 1138 periculi
787 1041 926 1126 socius,
951 1041 1080 1139 saepius
1104 1041 1259 1114 clamans

191 1178 233 1234 ut
250 1161 437 1247 venirent,
456 1184 565 1258 quam
581 1156 712 1257 jubens
729 1157 794 1229 ire.
818 1158 858 1227 lu
878 1152 974 1229 bello
995 1171 1067 1229 tres
1089 1159 1170 1257 equi
1193 1157 1261 1229 sub

192 1303 237 1353 eo
258 1274 415 1350 confossi
441 1272 669 1361 ceciderunt,
702 1285 758 1345 ter
784 1272 844 1346 ille
871 1273 1071 1372 intrepidus
1096 1272 1259 1363 desiluit,

193 1420 260 1470 uec
281 1393 345 1466 diu
366 1418 465 1465 mors
487 1390 640 1464 vectoris
659 1390 772 1462 inulta
795 1390 979 1463 remansit.
1000 1391 1128 1480 Scuta,
1148 1394 1261 1493 galeas

191 1527 231 1586 et
241 1511 370 1585 loricas
386 1511 478 1582 irato
492 1533 668 1581 mucrone
675 1562 686 1595 ,
702 1532 913 1606 moramque
927 1505 1142 1608 dedignante
1157 1535 1264 1608 peue-

195 1626 329 1718 trarit,
350 1624 549 1726 clypeoque
577 1648 642 1696 suo
663 1622 862 1697 nonnullos
883 1621 1037 1712 collisit,
1060 1625 1265 1726 auxilioque

193 1741 319 1816 multis
342 1767 491 1815 suorum
516 1756 624 1840 atque
648 1739 775 1829 saluti,
803 1740 896 1812 sicut
914 1766 934 1814 e
956 1757 1082 1815 contra
1101 1739 1264 1816 hostibus

196 1860 388 1961 perniciei,
406 1858 489 1931 luit.
545 1852 549 1863 ’

242 1977 300 2050 Ab
313 1976 401 2053 hora
411 1976 481 2051 diei
490 1978 595 2050 tertia
608 1975 882 2050 bellumacriter
900 1979 1130 2050 commissum
1141 1993 1213 2067 est,
1228 1997 1265 2052 ct

195 2097 233 2169 in
256 2096 377 2194 primo
394 2095 554 2167 militurn
579 2118 773 2194 congressu
788 2091 962 2166 Heraldus
978 2119 1042 2167 rex
1058 2110 1265 2195 peremptus

195 2226 247 2286 est
261 2213 330 2311 (1)
349 2211 486 2285 Deinde
503 2210 710 2287 leofwinus
724 2234 844 2282 comes
859 2207 973 2284 frater
985 2213 1059 2310 ejus
1076 2237 1159 2284 cum
1172 2214 1266 2285 mul-

196 2326 410 2401 tismillibus
421 2327 529 2400 simili
541 2341 639 2399 sorte
647 2325 838 2399 defunctus
848 2340 912 2399 est.
922 2328 1268 2428 Deniqueincliuata

194 2450 268 2546 jam
290 2447 374 2535 die,
402 2445 563 2520 videntes
584 2444 691 2546 Angli
719 2445 818 2545 quod
841 2471 904 2518 rex
927 2472 1011 2518 suus
1038 2463 1075 2521 et
1097 2448 1267 2545 primates

196 2565 296 2666 regui
306 2617 319 2656 ,
331 2563 528 2663 multaeque
540 2562 700 2662 legiones
713 2587 863 2637 suorum
877 2563 1102 2650 interierint,
1118 2582 1154 2638 et
1166 2565 1265 2664 quod

197 2678 398 2756 Normanni
421 2678 537 2751 adbuc
556 2679 758 2777 procaciter
777 2678 964 2765 steterint,
992 2694 1029 2751 et
1054 2680 1267 2754 terribiliter

198 2797 304 2869 ermis
322 2797 360 2868 in
375 2794 559 2869 obstantes
570 2795 772 2882 saevieriut,
790 2796 829 2867 in
842 2792 965 2893 fugam
979 2799 1140 2869 conversi
1155 2823 1267 2898 quan·

198 2911 312 2985 tocius
334 2909 521 2996 abierunt,
542 2924 578 2983 et
597 2925 747 2982 eventus
769 2910 888 2983 varios
907 2911 1045 3008 experti
1071 2927 1170 2984 sunt.
1194 2913 1265 2985 Atii

197 3025 309 3125 raptis
325 3025 445 3126 equis,
467 3023 636 3097 nonnulli
655 3023 793 3124 pedites
810 3021 892 3122 pars
909 3049 975 3121 per
991 3025 1085 3118 vias,
1102 3026 1266 3128 plerique

198 3167 261 3242 per
277 3143 354 3214 avia
381 3166 454 3214 sese
472 3141 606 3214 salvare
627 3141 746 3216 conati
770 3156 867 3213 sunt.
895 3140 1097 3214 Normanni
1124 3159 1263 3234 autem,

198 3259 281 3333 dum
312 3258 452 3359 Anglos
481 3257 604 3356 lugere
634 3258 822 3343 viderunt,
852 3272 926 3329 totu
954 3274 1060 3332 nocte
1084 3256 1265 3333 dominica

199 3401 256 3449 eos
273 3374 318 3448 ad
339 3375 392 3448 sui
412 3373 673 3448 detrimentum
691 3371 825 3446 obnixe
846 3375 1020 3471 persecuti
1049 3390 1147 3448 sunt.
1172 3376 1264 3450 Nam

200 3509 396 3568 crescentes
423 3488 545 3566 herbae
574 3492 765 3590 antiquum
793 3515 956 3589 aggerem
981 3491 1173 3591 tegebant,
1202 3494 1265 3566 ubi

232 3702 349 3774 Hugues
362 3698 398 3754 de
409 3698 618 3754 Grentemesnil
625 3721 633 3764 3

231 3787 394 3845 Gnillaume
406 3786 442 3843 de
456 3789 616 3856 Vareunes,
630 3786 739 3841 ensuite
752 3796 841 3840 comte
851 3785 886 3841 de
895 3786 1007 3859 Surrey.

232 3881 272 3950 (ι)
289 3878 355 3936 Ceci
374 3887 491 3932 estune
510 3878 619 3949 insigne
639 3892 746 3930 erreur.
769 3873 793 3928 Il
814 3884 859 3928 est
876 3876 1119 3932 universellemeut
1141 3898 1264 3936 rccouuu

200 3964 351 4040 qu’llarold
362 3984 398 4019 ne
409 3964 454 4020 lut
465 3965 564 4019 atteint
577 3963 661 4018 d'une
674 3963 763 4018 sslecbe
773 3965 789 4016 l
798 3961 825 4016 la
837 3972 929 4036 tempe
941 3981 977 4017 ou
991 3968 1006 4018 l
1020 3963 1085 4019 l’oeil
1096 3967 1224 4040 qu’aprbs
1239 3970 1265 4024 te,

201 4052 367 4110 coucherdu
377 4052 465 4108 soleii.
479 4053 520 4107 Eu
533 4050 643 4125 general
653 4069 684 4107 ce
694 4051 765 4106 recit
777 4051 812 4106 de
824 4049 850 4104 la
864 4051 975 4107 Bataille
987 4051 1198 4127 d'Hastingsest
1210 4078 1264 4132 peu

201 4144 364 4211 tatislaisant
379 4153 409 4199 et
427 4142 492 4198 hieu
506 4143 649 4211 interiens,
671 4142 724 4198 soit
737 4160 772 4196 au
786 4139 896 4196 tableau
910 4140 993 4215 qu’en
1005 4142 1077 4197 avait
1094 4147 1169 4200 tracti
1180 4146 1265 4202 Guil-

198 4232 290 4288 laume
299 4232 336 4288 de
346 4232 479 4300 Poitiers,
494 4232 547 4288 soit
556 4250 608 4288 aux
618 4231 716 4288 details
729 4229 942 4286 circonstancie's
955 4228 1062 4286 louruis
1072 4250 1122 4304 par
1130 4234 1265 4308 quelques

201 4334 292 4381 autres
306 4323 468 4380 historiens.
