2910 4980
297 389 336 457 ιι
568 383 752 452 ιιιιιοιιιι
773 386 1075 452 nortmanni.
1146 389 1351 476 nost-mco]

295 512 361 587 Dei
384 509 551 586 Ecclesiae
564 508 759 608 praefatam
777 509 897 581 vinam
912 534 982 608 pro
1002 506 1194 584 nobilitate
1210 525 1248 584 et
1266 512 1352 586 reli·

292 630 401 729 gione
421 626 624 727 elegerant,
650 650 829 724 novoquev
842 624 1058 701 monasterio
1080 627 1181 727 quod
1198 627 1352 702 inchoa-

293 761 395 821 verat
409 744 661 844 praefecerunt.
680 744 786 841 Cujus
803 742 987 842 regiminis
1004 759 1165 843 tempore
1180 746 1352 819 Lanfmn·

294 886 357 937 cus
378 875 416 934 et
435 859 641 946 Auselmns,
667 857 798 958 aliique
818 857 991 956 profundi
1012 857 1180 959 sophistae
1200 860 1286 934 illuc
1307 861 1352 934 ad

292 977 428 1053 scholas
441 975 573 1048 Christi
589 990 845 1075 perrexerunt3
863 975 983 1076 ibique
1001 976 1212 1050 Willermus
1226 980 1350 1053 Geroii

293 1094 405 1183 lilius,
426 1108 466 1165 et
485 1092 592 1192 Hugo
607 1117 726 1165 comes
745 1091 907 1165 Mellenti
916 1145 927 1181 ,
947 1092 1078 1192 aliique
1096 1093 1259 1192 praeclari
1274 1096 1350 1167 mi-

292 1212 372 1285 lites
394 1209 562 1283 militiam
580 1207 713 1282 Christi
735 1223 1013 1310 assumpserunt.
1036 1208 1091 1282 lbi
1112 1237 1224 1311 usque
1244 1211 1352 1288 hodie

291 1327 397 1401 multi
414 1326 629 1400 elericorum
647 1341 684 1400 et
704 1325 879 1400 laicorum
897 1325 965 1399 sub
985 1326 1178 1401 monachili
1199 1345 1351 1404 scemate

290 1450 439 1533 vivunt,
453 1457 491 1516 et
503 1457 628 1517 eontra
639 1441 803 1515 Zabulon
814 1442 1023 1518 dimicantes
1034 1447 1109 1519 Deo
1126 1444 1352 1520 laudabiliter

290 1560 453 1636 serviunt
468 1559 539 1657 (ι).
556 1557 732 1631 Unfridus
753 1558 798 1632 de
821 1559 960 1632 vetulis
984 1559 1134 1634 Turoldi
1160 1559 1254 1634 lilius
1275 1560 1349 1637 duo

291 1676 477 1765 mochis,
501 1701 617 1747 unum
638 1675 901 1751 monachorum
927 1690 964 1751 et
981 1676 1077 1750 aliud
1096 1678 1350 1752 sanctimonia-

290 1793 382 1869 lium
391 1791 555 1867 Pratellis
568 1791 770 1879 inchoavit,
784 1818 866 1892 quae
880 1793 1053 1892 Rogerius
1065 1792 1109 1867 de
1122 1793 1349 1870 bellomonte

291 1910 388 1984 filius
405 1912 480 2008 ejus
499 1907 657 1981 multum
678 1908 830 1996 amavit,
856 1922 892 1981 et
913 1909 958 1982 de
973 1907 1171 1981 redditibus
1191 1911 1348 2010 propriis

289 2038 472 2126 putantur
486 2023 615 2098 ditavit
632 2024 702 2124 (2)
722 2025 954 2113 Willermus,
973 2022 1124 2097 Osberni
1142 2023 1256 2114 filius,
1274 2026 1348 2098 duo

290 2142 505 2217 monasteria
528 2141 566 2213 in
590 2140 741 2241 proprio
762 2139 877 2214 fundo
900 2139 1079 2231 condidit,
1099 2166 1214 2214 unum
1230 2142 1344 2228 Lirae,

291 2275 328 2335 et
341 2257 440 2333 slmd
455 2259 662 2346 Gormeliis,
681 2257 743 2331 ubi
760 2259 833 2359 ipse
849 2258 1013 2332 humatus
1028 2260 1178 2360 quiescit
1194 2259 1260 2358 (3).
1275 2258 1347 2332 Alii

290 2376 398 2449 ctiam
418 2375 716 2448 Normanuorum
741 2399 906 2471 proceres
930 2373 1206 2475 quamplurimi,
1238 2390 1348 2471 pruut

292 2505 482 2590 poterant,
512 2487 773 2562 monachorum
793 2515 856 2562 seu
878 2488 1134 2564 monacharum
1157 2489 1285 2564 domus
1308 2491 1346 2563 in

292 2603 438 2678 diversis
451 2603 539 2677 locis
554 2602 825 2678 construebant.
839 2606 977 2679 Horum
998 2603 1167 2702 exemplis
1182 2605 1286 2704 Hugo
1302 2604 1347 2678 de

327 2800 365 2871 (ι)
380 2798 427 2855 On
448 2799 520 2853 cruit
535 2797 630 2854 devoir
643 2809 788 2873 rapporter
800 2799 826 2854 la
843 2800 986 2856 fondation
998 2800 1038 2856 du
1050 2801 1104 2856 Bec
1117 2818 1166 2875 par
1175 2800 1202 2854 le
1212 2800 1346 2856 bienheu·

293 2907 361 2945 reux
381 2887 512 2945 llellouin
533 2892 548 2944 l
569 2889 675 2945 l'annee
700 2887 775 2957 1034.
790 2889 837 2946 Οιι
851 2891 902 2946 salt
920 2909 976 2965 que
992 2910 1024 2946 ce
1041 2891 1212 2958 monestere,
1233 2891 1348 2948 d’abord

291 2978 375 3034 e'tabli
385 2977 454 3035 dus
466 2997 506 3033 ιιιι
518 2977 575 3033 lieu
585 2981 699 3035 nomme
708 2979 862 3035 Bnrneville
870 2978 1061 3051 (aujounl'hui
1074 2975 1347 3038 barneville-surle-

292 3067 380 3139 Bec),
401 3085 437 3122 ue
458 3067 502 3123 lut
522 3067 656 3123 mansfeld
668 3085 703 3124 au
714 3068 768 3123 bec
779 3069 863 3142 qu'eu
879 3066 954 3142 1039.
976 3067 1001 3123 Il
1013 3068 1083 3124 n'est
1094 3086 1143 3142 pas
1155 3070 1348 3142 parfaitemeut

292 3167 371 3213 exact
390 3155 425 3212 de
446 3159 589 3229 presenter
604 3175 636 3212 ce
651 3156 764 3213 dernier
784 3157 984 3231 emplacement
1005 3174 1112 3213 comme
1124 3159 1200 3213 eunt
1217 3157 1243 3213 le
1261 3163 1348 3233 patri·
1379 3180 1385 3192 ·

292 3246 385 3301 moine
398 3244 572 3312 d'Hellouin;
589 3245 608 3298 il
621 3245 664 3300 fut
683 3245 776 3319 ohlige'
789 3265 824 3300 au
836 3246 973 3301 contraire
986 3244 1051 3300 d'eu
1060 3247 1188 3319 aequent·
1196 3264 1253 3301 une
1260 3250 1348 3320 partie

292 3354 343 3409 par
361 3334 493 3391 donation
512 3353 551 3390 ou
564 3354 615 3408 par
626 3345 716 3391 vente.
730 3335 870 3392 L’e'colesi
887 3334 995 3391 oelhbre
1006 3336 1046 3390 du
1058 3337 1111 3391 Bec
1123 3335 1167 3392 fut
1176 3349 1288 3393 ouverte
1297 3357 1348 3412 par

292 3423 426 3479 unlrauc
440 3441 475 3477 en
496 3421 571 3488 1046.
591 3422 669 3478 Nous
688 3434 881 3479 rettuuvercns
892 3421 1048 3479 ‹zi-destout
1059 3422 1220 3480 Guillausue
1238 3424 1345 3481 Gircie.

292 3517 421 3590 llugues,
443 3524 535 3570 comte
554 3514 590 3569 de
610 3514 736 3583 ΜειιΙιιι,
749 3517 816 3570 ὀιιίι
828 3515 854 3569 le
866 3514 968 3570 second
980 3514 1022 3571 fils
1038 3526 1066 3571 et
1076 3532 1234 3571 successeur
1243 3515 1279 3570 de
1291 3516 1348 3571 Ro·

291 3603 355 3660 hert
366 3603 401 3658 dc
414 3603 549 3658 Moutlort
562 3606 572 3674 (
578 3602 730 3676 l’Amauri)
742 3614 770 3659 et
781 3603 896 3660 d’Adele
908 3603 943 3658 de
955 3603 1056 3660 Vexin.

327 3694 365 3762 (a)
375 3691 476 3748 Onlroi
488 3692 524 3746 de
534 3691 650 3748 Vieilles
661 3694 763 3767 (petite
776 3710 923 3748 commune
933 3691 1111 3765 aujourd’hui
1125 3695 1221 3748 teunie
1233 3695 1249 3746 h
1260 3693 1348 3748 Brau-

292 3782 532 3855 mont·le·Roger)
544 3782 644 3850 londa,
659 3795 739 3839 avant
756 3783 781 3839 le
790 3784 889 3858 depart
904 3783 939 3838 de
952 3784 1058 3839 Robert
1073 3785 1106 3837 1⁶
1118 3801 1189 3856 pour
1205 3783 1232 3838 la
1245 3784 1347 3839 Terre-

291 3872 386 3926 Saiute
404 3890 440 3925 en
457 3869 539 3938 1035,
562 3870 588 3923 le
602 3873 755 3926 trsonastere
767 3872 920 3927 d‘hcmmes
940 3872 975 3927 de
989 3871 1346 3928 saint-pierre-de-Preaux

292 3964 355 4035 prbs
362 3961 597 4024 Pont-Audemer,
605 3971 633 4015 et
642 3979 696 4033 peu
707 3961 742 4015 de
752 3972 841 4035 temps
853 3964 931 4035 apres
944 3962 970 4015 le
982 3963 1135 4016 monestere
1143 3961 1178 4015 de
1187 3961 1300 4016 lemures
1311 3961 1346 4015 de

290 4052 470 4125 saint-Leges
483 4050 522 4105 du
536 4050 626 4106 metue
639 4050 704 4105 lieu.

326 4140 363 4213 (3)
376 4141 536 4199 Gnillaume
552 4140 751 4197 rin-osberne
764 4140 846 4195 londa
858 4140 885 4195 lc
897 4143 1049 4196 monestere
1066 4141 1100 4196 de
1112 4139 1273 4197 Cormeilles
1285 4157 1345 4194 vers
