2910 4980
265 392 324 454 468
542 393 727 454 HISTORIA
747 393 1053 457 uectuslastlcs.

264 512 323 600 tis,
338 511 531 612 amicisque
544 513 616 585 suis
626 512 670 586 de
684 515 869 587 communi
886 514 1041 589 utilitate
1054 515 1262 590 monasterii
1278 516 1333 587 sui

265 645 416 703 tractare
427 627 583 703 studuit.
598 628 737 722 Quibus
755 630 807 704 illi
825 630 1147 732 adquiescentibus,
1165 631 1335 707 abbatem

265 774 369 821 suum
390 747 525 822 obnixe
544 749 683 850 rogarit
704 764 746 820 ut
766 751 970 849 prioratum
990 750 1134 824 Manliae
1155 750 1216 826 alii
1235 776 1333 825 com·

263 864 474 952 mendaret,
498 867 669 965 quatinus
692 866 766 966 ipse
790 867 834 941 ad
859 867 1011 940 aliarum
1037 869 1333 967 procurationem

263 1010 387 1057 rerum
406 981 556 1056 liberior
570 983 794 1082 procederet.
811 983 920 1077 Quod
936 1001 973 1058 et
988 983 1126 1058 factum
1137 1000 1201 1058 est.
1219 983 1334 1057 Gnid-

263 1100 420 1173 mundus
431 1100 543 1187 enim,
559 1101 620 1199 qui
635 1101 834 1201 solengiaci
849 1102 866 1199 (
875 1089 907 1199 i)
921 1099 1112 1202 presbyter
1127 1100 1259 1188 fuerat,
1278 1101 1334 1172 vir

263 1213 395 1304 bonus,
418 1215 456 1288 in
474 1215 555 1289 loco
570 1219 645 1315 ejus
658 1215 871 1315 subrogatus
887 1231 957 1304 est,
977 1232 1015 1290 et
1031 1214 1204 1318 praelatus
1218 1215 1333 1289 medi·

262 1358 325 1405 cus
336 1356 405 1431 pro
416 1356 565 1407 suorum
581 1332 836 1406 commoditate
848 1333 1002 1405 fratrum
1015 1347 1096 1407 toto
1113 1334 1194 1406 nisu
1213 1331 1333 1432 plures

261 1448 451 1525 Gallorum
459 1450 598 1550 equites
606 1457 860 1550 aggressusest.
871 1449 1053 1543 Quosdam
1062 1448 1210 1550 quidem
1219 1448 1334 1523 illexit

261 1567 466 1642 medicinali
497 1594 582 1640 cura
611 1584 650 1641 et
678 1571 875 1659 subventu,
905 1568 1066 1668 aliosque
1096 1565 1330 1651 muneribus,

260 1698 435 1784 utrosque
449 1710 536 1757 vero
552 1684 714 1757 facundis
725 1682 942 1758 hortatibus.

315 1797 491 1873 Unlridus
527 1800 638 1900 igitur
662 1816 910 1898 cognomento
941 1800 1105 1886 Harena,
1138 1812 1175 1871 et
1207 1798 1332 1869 llarisa

260 1942 354 1992 uxor
372 1919 463 2014 ejus,
485 1931 522 1990 et
545 1915 608 1988 filii
635 1914 791 2014 ejusdem
809 1917 972 1990 Harisae:
992 1917 1153 2016 Pogonus
1167 1912 1333 1988 videlicet

260 2060 301 2109 ac
317 2034 534 2120 Alexander,
557 2050 595 2108 et
614 2036 790 2136 Rogerius
810 2034 855 2108 de
879 2034 982 2109 Rolla
1000 2034 1109 2108 Grota
1128 2033 1201 2131 (a),
1223 2057 1332 2105 uxor-

260 2178 332 2253 que
348 2153 423 2250 ejus
440 2151 586 2238 Basilla,
605 2167 642 2225 et
658 2151 753 2224 filius
770 2151 909 2224 Basillae
929 2147 1129 2235 Guiardus,
1154 2174 1333 2226 concesse·

259 2285 350 2343 runt
367 2269 443 2344 Deo
460 2285 496 2343 et
511 2285 635 2343 sancto
652 2267 806 2343 Ebrulfo
822 2269 1006 2343 ecclesiam
1018 2268 1063 2341 de
1076 2266 1235 2342 Villariis
1252 2266 1335 2342 Vas·

261 2388 345 2461 tatis
357 2390 427 2486 (3),
447 2403 483 2461 et
499 2387 674 2460 decimam
691 2385 736 2458 ad
752 2385 913 2461 eamdem
932 2386 1189 2484 pertinentem,
1205 2399 1242 2457 et
1260 2398 1335 2456 ter-

260 2530 339 2577 ram
369 2506 433 2578 uni
466 2531 624 2578 carrucas
653 2505 901 2579 sufficientem.
932 2503 1197 2577 concesserunt
1226 2501 1335 2575 etiam

261 2622 375 2696 totius
387 2621 483 2695 villae
492 2620 780 2722 herbergagium,
791 2619 926 2721 absque
940 2619 1048 2692 ullius
1057 2617 1333 2718 participatione

231 2776 237 2791 ι
261 2740 424 2840 quietum
431 2769 443 2828 ;
465 2756 597 2813 terram
617 2764 780 2840 quoque,
808 2754 879 2811 tam
904 2739 940 2809 in
966 2737 1145 2809 mansuris
1159 2760 1269 2836 quam
1295 2733 1333 2806 in

261 2859 425 2954 rupturis
436 2857 768 2956 totiusparrochiae,
782 2854 989 2931 hominibus
1001 2854 1135 2929 ibidem
1145 2852 1335 2953 hospitatis

263 2971 517 3058 excolendam,
547 2989 728 3048 reservato
755 2972 822 3046 sibi
850 2970 1105 3046 tantummodo
1132 2986 1332 3068 camparto.

298 3280 338 3344 (ι)
357 3274 506 3348 Soulaugi,
522 3276 585 3348 pres
597 3274 701 3329 Falaise
713 3273 824 3344 (Ome).

298 3366 338 3437 (a)
356 3361 544 3436 Aujourd'hui
556 3360 724 3417 Rolleboise.
742 3360 790 3418 On
805 3372 902 3416 trouve
914 3380 945 3415 ce
956 3360 1012 3415 lieu
1029 3359 1145 3431 designet
1161 3374 1213 3430 par
1225 3355 1253 3411 le
1268 3374 1334 3411 nom

263 3455 298 3511 de
313 3455 482 3524 Rollecriptn
495 3472 531 3508 en
547 3464 653 3528 “9901
670 3452 749 3522 1223,
768 3453 803 3508 de
820 3452 990 3526 Rollecripte
1003 3469 1038 3507 eu
1059 3447 1141 3516 raab,
1154 3459 1186 3505 et
1203 3448 1279 3504 enfin
1299 3446 1335 3502 de

263 3546 420 3604 Rollebcite
428 3545 496 3600 dans
510 3552 583 3600 cette
592 3544 683 3600 meme
695 3547 793 3602 annes.
807 3545 901 3617 Voyez
910 3543 936 3599 le
948 3541 1095 3600 cartulaire
1104 3539 1334 3597 deSaint·Wan·
1363 3530 1365 3534 ἱ

248 3635 361 3702 ·drille,
376 3634 499 3689 archives
513 3632 547 3686 de
560 3633 584 3687 la
599 3633 856 3690 Scine-Inferieure.

299 3724 337 3795 (ὅ)
355 3723 619 3796 Villegastlliure),
635 3723 709 3778 al’E.
725 3725 753 3778 S.
768 3724 799 3777 E.
814 3723 849 3776 de
860 3724 933 3777 Paci.
947 3722 1023 3775 Nous
1035 3737 1118 3775 avons
1132 3737 1167 3772 vu
1184 3717 1331 3784 cidessus,

264 3817 283 3871 l.
310 3833 354 3881 ιιι,
374 3833 403 3886 p.
425 3811 475 3880 δι,
498 3830 553 3887 que
577 3812 684 3867 cellen
702 3814 785 3879 erait,
807 3811 914 3885 d‘apres
933 3811 1104 3866 l’iuaentaire
1125 3808 1175 3864 det
1200 3808 1281 3862 unes
1299 3807 1335 3862 de

264 3891 486 3969 Saint-Evroult,
502 3903 526 3956 le
544 3903 634 3957 nieme
649 3921 704 3975 que
717 3902 958 3961 vilers-le-Galeis
971 3900 1006 3955 de
1019 3901 1045 3954 la
1063 3901 1159 3955 charte
1177 3897 1213 3952 de
1228 3897 1335 3954 lichen

266 3992 301 4046 de
320 3993 464 4057 leicester,
484 4001 512 4043 et
531 4008 599 4043 nous
613 4008 694 4044 avons
713 3994 842 4063 repousse
861 4002 932 4045 cette
946 3992 1124 4062 synonymis,
1139 4006 1194 4062 quc
1207 4005 1278 4042 nous
1291 4007 1335 4041 re-

268 4090 392 4155 greuons
405 4080 508 4132 ‹l’avoir
520 4079 624 4132 admise
637 4078 705 4133 dans
719 4079 744 4134 le
755 4080 938 4135 dicticnnaire
952 4080 999 4133 des
1016 4078 1127 4134 anciens
1142 4095 1221 4132 noma
1231 4076 1266 4131 de
1279 4077 1336 4134 lieu

266 4173 304 4225 dn
319 4170 508 4240 ‹le'parternenl
521 4170 555 4222 (le
569 4169 668 4222 l'Eure.
