2910 4980
557 328 674 394 sinen
695 328 879 409 orturus.
1196 329 1257 392 arr

190 456 265 545 sias,
275 458 377 554 juxta
394 467 601 527 consortem
617 452 729 541 thori,
749 474 881 552 corpus
895 453 970 550 ejus
984 448 1184 524 honorilice
1196 474 1255 523 se·

190 570 335 670 pultum
353 583 418 642 est.

240 685 436 759 Praedictus
449 684 550 757 miles
559 738 571 773 ,
588 684 748 758 tirocinii
760 684 814 756 sui
830 699 1007 781 tempora,
1022 680 1146 780 probis
1162 682 1257 754 acti-

193 803 261 877 bus
276 803 441 891 emicuit,
458 817 495 875 et
512 802 646 876 relictis
661 803 776 893 rantis,
792 800 955 875 affinibus
971 817 1008 875 et
1023 801 1115 873 caris
1130 825 1258 900 paren·

194 921 311 1008 tibus,
335 920 431 994 inter
447 937 589 994 exteros
612 921 783 994 insertam
803 917 869 990 sibi
893 919 1066 992 virtutem
1084 919 1256 991 exercuit.
1374 938 1376 943 ·

196 1038 333 1113 ltaliam
350 1039 470 1138 itaque
487 1039 654 1138 expetiit,
677 1037 947 1137 fortissimoque
962 1037 1044 1110 duci
1061 1036 1260 1110 Guiscardo

196 1157 363 1243 sociatus,
378 1154 555 1227 Graeciam
567 1155 710 1240 invasit,
725 1169 762 1228 et
777 1154 812 1225 in
827 1150 1014 1241 conllictu,
1028 1179 1104 1252 quo
1119 1152 1261 1225 Alexius

198 1275 396 1370 imperator
405 1269 827 1369 Constantinopolitanus
837 1270 952 1341 victus
963 1269 1103 1368 fugerat
1113 1269 1129 1366 (
1137 1268 1186 1365 r),
1200 1289 1263 1340 tro·

197 1387 320 1460 biliter
342 1386 538 1458 dimicavit.
566 1388 651 1459 Post
672 1386 819 1487 aliquod
845 1402 986 1485 tempus
1010 1385 1143 1458 obnixa
1164 1386 1263 1482 peti-

199 1502 300 1575 tione
315 1500 427 1599 patris
441 1526 618 1600 regressus
632 1502 668 1573 in
683 1499 854 1589 Galliam,
870 1525 1021 1574 uxorem
1037 1501 1141 1572 duxit
1157 1497 1264 1571 nobi·

200 1618 270 1692 lem
287 1634 324 1691 et
341 1615 433 1692 bene
448 1618 698 1718 morigeratam
716 1619 886 1716 puellam,
902 1619 1050 1691 nomine
1061 1617 1262 1703 Odelinnm,

199 1734 341 1808 Radulfi
359 1750 600 1832 cognomento
619 1734 892 1832 Malivicini(a),
907 1734 1147 1807 Madantensis
1163 1735 1266 1832 oppi-

200 1850 304 1942 dani,
321 1851 444 1923 filiam.
465 1851 681 1951 Frugalitate
697 1879 757 1923 sua
778 1852 943 1924 militaris
961 1853 1018 1923 vir
1031 1865 1181 1924 cunctos
1198 1849 1265 1923 sibl

199 1967 425 2044 cohaerentes
446 1968 489 2041 ad
509 1968 732 2042 honestatem
753 1968 991 2066 provocabat,
1014 1968 1269 2069 parcimoniae-

202 2110 274 2185 que
293 2083 452 2159 modesta
477 2085 705 2158 restrictione
729 2083 953 2183 regularibus
976 2084 1084 2156 etiam
1107 2083 1269 2182 personis

202 2200 408 2301 exemplum
428 2199 681 2301 portendebat.
700 2201 896 2301 Nunquam
913 2223 1019 2301 poma
1037 2202 1074 2274 in
1099 2200 1271 2273 viridario

203 2315 383 2408 comedit,
414 2343 601 2419 nunquam
625 2344 711 2390 uvas
732 2319 768 2390 in
792 2320 915 2407 vinea,
941 2344 1008 2393 nec
1031 2318 1206 2392 avellanas
1233 2319 1269 2390 in

205 2438 303 2538 sylva
316 2437 484 2536 gustavit.
501 2434 691 2509 Canonicis
705 2437 947 2524 solummodo,
961 2437 1006 2510 ad
1018 2462 1177 2512 mensam
1190 2462 1272 2538 quae

206 2552 495 2655 apponebantur,
522 2553 685 2628 sumebat
708 2550 821 2646 horis,
843 2555 965 2630 dicens
982 2555 1178 2631 brutorum
1199 2553 1274 2628 ani·

207 2670 356 2745 melium
374 2696 468 2759 esse,
491 2697 567 2744 non
592 2669 768 2759 hominis,
791 2672 977 2747 comedere
998 2672 1176 2774 quidquid
1198 2671 1273 2745 sors

208 2803 426 2887 suggereret,
441 2784 574 2887 absque
587 2787 872 2862 consideratione
882 2787 952 2862 loci
966 2805 1002 2861 et
1014 2787 1200 2887 temporis.
1212 2787 1277 2861 Le·

208 2901 278 3002 gali
293 2899 479 2974 connubio
494 2916 702 2994 contentus,
718 2903 916 2976 castitatem
928 2901 1084 2994 amabat,
1095 2901 1278 2975 etobscoe·

209 3021 361 3094 nitatem
383 3018 543 3092 libidinis
567 3046 641 3093 non
654 3074 665 3110 ,
687 3036 728 3091 ut
750 3021 873 3113 laicus,
897 3020 1036 3119 vulgari
1061 3018 1278 3093 verbositate

210 3131 456 3234 vituperabat,
473 3132 548 3225 sed,
567 3149 609 3205 ut
622 3130 751 3208 doctor
767 3134 1033 3224 ecclesiasticus,
1050 3134 1185 3236 argutis
1198 3132 1281 3208 alle·

211 3248 417 3352 gationibus
427 3250 544 3349 palam
557 3250 831 3325 condemnabat.
839 3254 979 3351 Jejunia
989 3269 1026 3325 et
1036 3278 1183 3326 omnem
1194 3278 1279 3327 cou-

213 3367 404 3441 tinentiam
417 3368 533 3439 carnis
547 3369 584 3438 in
601 3367 771 3440 omnibus
784 3366 970 3455 laudabat,
986 3383 1023 3441 et
1041 3368 1114 3467 ipse
1126 3368 1280 3443 viriliter

214 3485 252 3556 in
267 3509 304 3557 se
316 3508 385 3583 pro
400 3481 547 3557 modulo
563 3484 641 3556 laici
659 3483 849 3558 retinebat.
869 3480 900 3556 Α
917 3481 1053 3584 rapinis
1068 3483 1282 3558 omnimodo

252 3835 291 3906 (r)
308 3832 376 3887 Pras
386 3829 422 3886 de
434 3832 569 3899 Durazzo,
586 3832 612 3887 le
628 3831 783 3887 18octobre
798 3831 874 3887 sotir.

253 3931 294 3996 (a)
312 3925 393 3982 Gette
407 3925 511 3981 lamille
528 3926 694 3994 Mauvoisin,
707 3926 858 3999 origiuaire
869 3926 904 3980 de
914 3925 1038 3990 Manus,
1054 3923 1116 3978 s’est
1131 3922 1231 3978 dtablie
1247 3935 1284 3978 en

219 4015 407 4081 Marandis,
431 4016 469 4069 od
483 4014 537 4070 elle
554 4035 569 4070 a
586 4014 702 4089 possedit
718 4015 757 4069 les
776 4025 863 4070 terres
882 4015 917 4071 de
934 4012 1287 4071 saint-Andrela-Marcbc

219 4107 284 4180 pres
294 4092 418 4173 Earsos,
433 4115 461 4160 et
472 4104 622 4178 Serquigni
635 4106 697 4177 pres
707 4104 816 4159 bernai.
