<?xml version="1.0" encoding="UTF-8"?>
<!DOCTYPE html PUBLIC "-//W3C//DTD XHTML 1.0 Transitional//EN"
    "http://www.w3.org/TR/xhtml1/DTD/xhtml1-transitional.dtd">
<html xmlns="http://www.w3.org/1999/xhtml" xml:lang="en" lang="en">
 <head>
  <title>
</title>
<meta http-equiv="Content-Type" content="text/html;charset=utf-8" />
  <meta name='ocr-system' content='tesseract 3.04.00' />
  <meta name='ocr-capabilities' content='ocr_page ocr_carea ocr_par ocr_line ocrx_word'/>
</head>
<body>
  <div class='ocr_page' id='page_1' title='image "./ordericivitalis01deligoog/ordericivitalis01deligoog_0111.png"; bbox 0 0 2910 4980; ppageno 0'>
   <div class='ocr_carea' id='block_1_1' title="bbox 201 361 1265 453">
    <p class='ocr_par' dir='ltr' id='par_1_1' title="bbox 201 361 1265 453">
     <span class='ocr_line' id='line_1_1' title="bbox 201 361 1265 453; baseline 0.001 -24"><span class='ocrx_word' id='word_1_1' title='bbox 201 372 240 430; x_wconf 72' lang='lat' dir='ltr'><em>{ts</em></span> <span class='ocrx_word' id='word_1_2' title='bbox 475 362 658 423; x_wconf 72' lang='lat' dir='ltr'><em>mstoms</em></span> <span class='ocrx_word' id='word_1_3' title='bbox 680 361 984 426; x_wconf 69' lang='lat' dir='ltr'><em>Eccttsltstlct.</em></span> <span class='ocrx_word' id='word_1_4' title='bbox 1156 370 1265 453; x_wconf 62' lang='lat' dir='ltr'><em>[lm]</em></span> 
     </span>
    </p>
   </div>
   <div class='ocr_carea' id='block_1_2' title="bbox 185 485 1266 3955">
    <p class='ocr_par' dir='ltr' id='par_1_2' title="bbox 185 485 1266 3955">
     <span class='ocr_line' id='line_1_2' title="bbox 201 485 1266 590; baseline -0.001 -28"><span class='ocrx_word' id='word_1_5' title='bbox 201 514 269 589; x_wconf 84' lang='lat' dir='ltr'><em>que</em></span> <span class='ocrx_word' id='word_1_6' title='bbox 275 488 541 590; x_wconf 87' lang='lat' dir='ltr'><em>periclitantur,</em></span> <span class='ocrx_word' id='word_1_7' title='bbox 563 499 596 553; x_wconf 91' lang='lat' dir='ltr'><em>et</em></span> <span class='ocrx_word' id='word_1_8' title='bbox 610 509 677 581; x_wconf 82' lang='lat' dir='ltr'><em>ego</em></span> <span class='ocrx_word' id='word_1_9' title='bbox 690 485 784 555; x_wconf 89' lang='lat' dir='ltr'><em>inter</em></span> <span class='ocrx_word' id='word_1_10' title='bbox 796 500 984 585; x_wconf 89' lang='lat' dir='ltr'><em>utramque</em></span> <span class='ocrx_word' id='word_1_11' title='bbox 992 504 1141 586; x_wconf 88' lang='lat' dir='ltr'><em>partem</em></span> <span class='ocrx_word' id='word_1_12' title='bbox 1152 487 1266 561; x_wconf 83' lang='lat' dir='ltr'><em>ualde</em></span> 
     </span>
     <span class='ocr_line' id='line_1_3' title="bbox 185 599 1265 704; baseline -0.001 -24"><span class='ocrx_word' id='word_1_13' title='bbox 185 608 382 704; x_wconf 33' lang='lat' dir='ltr'><em>,llaetuans</em></span> <span class='ocrx_word' id='word_1_14' title='bbox 399 602 538 674; x_wconf 81' lang='lat' dir='ltr'><em>beesito.</em></span> <span class='ocrx_word' id='word_1_15' title='bbox 562 599 746 673; x_wconf 82' lang='lat' dir='ltr'><em>Videlicet</em></span> <span class='ocrx_word' id='word_1_16' title='bbox 761 603 851 700; x_wconf 89' lang='lat' dir='ltr'><em>quia</em></span> <span class='ocrx_word' id='word_1_17' title='bbox 866 619 900 675; x_wconf 90' lang='lat' dir='ltr'><em>et</em></span> <span class='ocrx_word' id='word_1_18' title='bbox 916 603 1086 701; x_wconf 74' lang='lat' dir='ltr'><em>prtelatis</em></span> <span class='ocrx_word' id='word_1_19' title='bbox 1102 608 1192 677; x_wconf 87' lang='lat' dir='ltr'><em>meis</em></span> <span class='ocrx_word' id='word_1_20' title='bbox 1206 630 1265 679; x_wconf 82' lang='lat' dir='ltr'><em>me</em></span> 
     </span>
     <span class='ocr_line' id='line_1_4' title="bbox 198 715 1263 819; baseline 0.001 -26"><span class='ocrx_word' id='word_1_21' title='bbox 198 722 286 793; x_wconf 90' lang='lat' dir='ltr'><em>bene</em></span> <span class='ocrx_word' id='word_1_22' title='bbox 298 721 377 792; x_wconf 89' lang='lat' dir='ltr'><em>loco</em></span> <span class='ocrx_word' id='word_1_23' title='bbox 390 733 488 790; x_wconf 91' lang='lat' dir='ltr'><em>stare</em></span> <span class='ocrx_word' id='word_1_24' title='bbox 500 715 785 788; x_wconf 78' lang='lat' dir='ltr'><em>asseverantibus</em></span> <span class='ocrx_word' id='word_1_25' title='bbox 797 741 843 789; x_wconf 89' lang='lat' dir='ltr'><em>ac</em></span> <span class='ocrx_word' id='word_1_26' title='bbox 849 721 1039 817; x_wconf 79' lang='lat' dir='ltr'><em>persistere</em></span> <span class='ocrx_word' id='word_1_27' title='bbox 1047 717 1263 819; x_wconf 68' lang='lat' dir='ltr'><em>jubentibus</em></span> 
     </span>
     <span class='ocr_line' id='line_1_5' title="bbox 196 831 1263 933; baseline 0.002 -24"><span class='ocrx_word' id='word_1_28' title='bbox 196 837 403 911; x_wconf 88' lang='lat' dir='ltr'><em>inobediens</em></span> <span class='ocrx_word' id='word_1_29' title='bbox 415 832 505 933; x_wconf 89' lang='lat' dir='ltr'><em>sore</em></span> <span class='ocrx_word' id='word_1_30' title='bbox 525 852 598 905; x_wconf 86' lang='lat' dir='ltr'><em>non</em></span> <span class='ocrx_word' id='word_1_31' title='bbox 622 831 743 904; x_wconf 86' lang='lat' dir='ltr'><em>audeo</em></span> <span class='ocrx_word' id='word_1_32' title='bbox 752 864 769 918; x_wconf 90' lang='lat'><em>;</em></span> <span class='ocrx_word' id='word_1_33' title='bbox 793 847 829 902; x_wconf 90' lang='lat' dir='ltr'><em>et</em></span> <span class='ocrx_word' id='word_1_34' title='bbox 837 831 976 930; x_wconf 81' lang='lat' dir='ltr'><em>fratris</em></span> <span class='ocrx_word' id='word_1_35' title='bbox 1000 834 1263 911; x_wconf 60' lang='lat' dir='ltr'><em>columnianti}</em></span> 
     </span>
     <span class='ocr_line' id='line_1_6' title="bbox 196 948 1263 1050; baseline -0.002 -22"><span class='ocrx_word' id='word_1_36' title='bbox 196 962 290 1029; x_wconf 90' lang='lat' dir='ltr'><em>iram</em></span> <span class='ocrx_word' id='word_1_37' title='bbox 306 952 504 1049; x_wconf 88' lang='lat' dir='ltr'><em>odiumque</em></span> <span class='ocrx_word' id='word_1_38' title='bbox 520 948 745 1020; x_wconf 80' lang='lat' dir='ltr'><em>vehementer</em></span> <span class='ocrx_word' id='word_1_39' title='bbox 747 949 917 1044; x_wconf 91' lang='lat' dir='ltr'><em>formido</em></span> <span class='ocrx_word' id='word_1_40' title='bbox 925 1005 938 1038; x_wconf 91' lang='lat'><em>,</em></span> <span class='ocrx_word' id='word_1_41' title='bbox 957 959 1159 1050; x_wconf 81' lang='lat' dir='ltr'><em>preesertim</em></span> <span class='ocrx_word' id='word_1_42' title='bbox 1177 966 1263 1027; x_wconf 76' lang='lat' dir='ltr'><em>eum</em></span> 
     </span>
     <span class='ocr_line' id='line_1_7' title="bbox 195 1063 1262 1143; baseline 0.001 -2"><span class='ocrx_word' id='word_1_43' title='bbox 195 1071 402 1143; x_wconf 79' lang='lat' dir='ltr'><em>sacerdotes</em></span> <span class='ocrx_word' id='word_1_44' title='bbox 422 1083 456 1139; x_wconf 89' lang='lat' dir='ltr'><em>et</em></span> <span class='ocrx_word' id='word_1_45' title='bbox 477 1063 644 1137; x_wconf 85' lang='lat' dir='ltr'><em>monacbi</em></span> <span class='ocrx_word' id='word_1_46' title='bbox 665 1065 778 1136; x_wconf 88' lang='lat' dir='ltr'><em>simus</em></span> <span class='ocrx_word' id='word_1_47' title='bbox 803 1063 922 1136; x_wconf 91' lang='lat' dir='ltr'><em>ambo.</em></span> <span class='ocrx_word' id='word_1_48' title='bbox 949 1067 1049 1138; x_wconf 86' lang='lat' dir='ltr'><em>Dum</em></span> <span class='ocrx_word' id='word_1_49' title='bbox 1068 1070 1167 1140; x_wconf 86' lang='lat' dir='ltr'><em>enim</em></span> <span class='ocrx_word' id='word_1_50' title='bbox 1184 1094 1262 1143; x_wconf 74' lang='lat' dir='ltr'><em>von·</em></span> 
     </span>
     <span class='ocr_line' id='line_1_8' title="bbox 193 1180 1260 1288; baseline -0.001 -28"><span class='ocrx_word' id='word_1_51' title='bbox 193 1186 399 1288; x_wconf 91' lang='lat' dir='ltr'><em>apostolica</em></span> <span class='ocrx_word' id='word_1_52' title='bbox 417 1182 622 1256; x_wconf 80' lang='lat' dir='ltr'><em>terribiliter</em></span> <span class='ocrx_word' id='word_1_53' title='bbox 637 1180 802 1252; x_wconf 92' lang='lat' dir='ltr'><em>omnibus</em></span> <span class='ocrx_word' id='word_1_54' title='bbox 823 1183 958 1255; x_wconf 82' lang='lat' dir='ltr'><em>intonet</em></span> <span class='ocrx_word' id='word_1_55' title='bbox 975 1183 1124 1257; x_wconf 88' lang='lat' dir='ltr'><em>dicens:</em></span> <span class='ocrx_word' id='word_1_56' title='bbox 1140 1185 1260 1259; x_wconf 72' lang='lat' dir='ltr'><em>omnis</em></span> 
     </span>
     <span class='ocr_line' id='line_1_9' title="bbox 194 1294 1261 1401; baseline 0.002 -29"><span class='ocrx_word' id='word_1_57' title='bbox 194 1302 255 1401; x_wconf 87' lang='lat' dir='ltr'><em>qui</em></span> <span class='ocrx_word' id='word_1_58' title='bbox 269 1299 347 1374; x_wconf 84' lang='lat' dir='ltr'><em>odit</em></span> <span class='ocrx_word' id='word_1_59' title='bbox 359 1298 509 1372; x_wconf 83' lang='lat' dir='ltr'><em>fratrem</em></span> <span class='ocrx_word' id='word_1_60' title='bbox 521 1321 624 1369; x_wconf 86' lang='lat' dir='ltr'><em>suum</em></span> <span class='ocrx_word' id='word_1_61' title='bbox 638 1294 817 1368; x_wconf 83' lang='lat' dir='ltr'><em>homicida</em></span> <span class='ocrx_word' id='word_1_62' title='bbox 834 1311 887 1369; x_wconf 82' lang='lat' dir='ltr'><em>est</em></span> <span class='ocrx_word' id='word_1_63' title='bbox 903 1299 970 1393; x_wconf 84' lang='grc' dir='ltr'><em>(ι),</em></span> <span class='ocrx_word' id='word_1_64' title='bbox 990 1300 1071 1397; x_wconf 84' lang='lat' dir='ltr'><em>quis</em></span> <span class='ocrx_word' id='word_1_65' title='bbox 1087 1324 1261 1374; x_wconf 81' lang='lat' dir='ltr'><em>enarrare</em></span> 
     </span>
     <span class='ocr_line' id='line_1_10' title="bbox 192 1409 1259 1514; baseline 0.002 -27"><span class='ocrx_word' id='word_1_66' title='bbox 192 1415 324 1513; x_wconf 84' lang='lat' dir='ltr'><em>sufficit</em></span> <span class='ocrx_word' id='word_1_67' title='bbox 340 1440 451 1514; x_wconf 87' lang='lat' dir='ltr'><em>quum</em></span> <span class='ocrx_word' id='word_1_68' title='bbox 466 1437 578 1512; x_wconf 76' lang='lat' dir='ltr'><em>grute</em></span> <span class='ocrx_word' id='word_1_69' title='bbox 596 1409 833 1483; x_wconf 74' lang='lat' dir='ltr'><em>homicidium</em></span> <span class='ocrx_word' id='word_1_70' title='bbox 850 1428 1036 1512; x_wconf 79' lang='lat' dir='ltr'><em>perpetrat</em></span> <span class='ocrx_word' id='word_1_71' title='bbox 1058 1414 1259 1489; x_wconf 68' lang='lat' dir='ltr'><em>monacbis</em></span> 
     </span>
     <span class='ocr_line' id='line_1_11' title="bbox 192 1524 1260 1627; baseline 0.005 -25"><span class='ocrx_word' id='word_1_72' title='bbox 192 1529 364 1602; x_wconf 78' lang='lat' dir='ltr'><em>sacerdos</em></span> <span class='ocrx_word' id='word_1_73' title='bbox 375 1527 536 1627; x_wconf 86' lang='lat' dir='ltr'><em>fratrem</em></span> <span class='ocrx_word' id='word_1_74' title='bbox 557 1553 663 1598; x_wconf 92' lang='lat' dir='ltr'><em>suum</em></span> <span class='ocrx_word' id='word_1_75' title='bbox 684 1524 846 1599; x_wconf 83' lang='lat' dir='ltr'><em>odiens?</em></span> <span class='ocrx_word' id='word_1_76' title='bbox 862 1529 915 1599; x_wconf 88' lang='lat' dir='ltr'><em>Et</em></span> <span class='ocrx_word' id='word_1_77' title='bbox 938 1530 973 1601; x_wconf 90' lang='lat' dir='ltr'><em>si</em></span> <span class='ocrx_word' id='word_1_78' title='bbox 995 1531 1048 1602; x_wconf 88' lang='lat' dir='ltr'><em>ita</em></span> <span class='ocrx_word' id='word_1_79' title='bbox 1070 1529 1125 1602; x_wconf 87' lang='lat' dir='ltr'><em>ad</em></span> <span class='ocrx_word' id='word_1_80' title='bbox 1141 1530 1260 1607; x_wconf 68' lang='lat' dir='ltr'><em>dham</em></span> 
     </span>
     <span class='ocr_line' id='line_1_12' title="bbox 192 1643 1260 1745; baseline 0.006 -30"><span class='ocrx_word' id='word_1_81' title='bbox 192 1645 394 1744; x_wconf 85' lang='lat' dir='ltr'><em>sacn‘ficat,</em></span> <span class='ocrx_word' id='word_1_82' title='bbox 410 1669 491 1715; x_wconf 92' lang='lat' dir='ltr'><em>eum</em></span> <span class='ocrx_word' id='word_1_83' title='bbox 505 1644 667 1714; x_wconf 87' lang='lat' dir='ltr'><em>animam</em></span> <span class='ocrx_word' id='word_1_84' title='bbox 682 1669 788 1714; x_wconf 90' lang='lat' dir='ltr'><em>suam</em></span> <span class='ocrx_word' id='word_1_85' title='bbox 801 1643 980 1717; x_wconf 87' lang='lat' dir='ltr'><em>damnare</em></span> <span class='ocrx_word' id='word_1_86' title='bbox 991 1651 1073 1744; x_wconf 84' lang='lat' dir='ltr'><em>quis</em></span> <span class='ocrx_word' id='word_1_87' title='bbox 1088 1646 1260 1745; x_wconf 76' lang='lat' dir='ltr'><em>ignorat?</em></span> 
     </span>
     <span class='ocr_line' id='line_1_13' title="bbox 193 1757 1260 1857; baseline 0.002 -26"><span class='ocrx_word' id='word_1_88' title='bbox 193 1759 376 1849; x_wconf 79' lang='lat' dir='ltr'><em>Proinde,</em></span> <span class='ocrx_word' id='word_1_89' title='bbox 411 1758 558 1830; x_wconf 88' lang='lat' dir='ltr'><em>domine</em></span> <span class='ocrx_word' id='word_1_90' title='bbox 586 1757 804 1857; x_wconf 88' lang='lat' dir='ltr'><em>apostolice,</em></span> <span class='ocrx_word' id='word_1_91' title='bbox 843 1761 951 1831; x_wconf 92' lang='lat' dir='ltr'><em>totius</em></span> <span class='ocrx_word' id='word_1_92' title='bbox 984 1758 1260 1847; x_wconf 61' lang='lat' dir='ltr'><em>christianitatis</em></span> 
     </span>
     <span class='ocr_line' id='line_1_14' title="bbox 190 1874 1260 1980; baseline 0.001 -32"><span class='ocrx_word' id='word_1_93' title='bbox 190 1894 299 1977; x_wconf 87' lang='lat' dir='ltr'><em>pater</em></span> <span class='ocrx_word' id='word_1_94' title='bbox 313 1874 617 1962; x_wconf 78' lang='lat' dir='ltr'><em>reverendissime,</em></span> <span class='ocrx_word' id='word_1_95' title='bbox 633 1888 729 1945; x_wconf 83' lang='lat' dir='ltr'><em>terra</em></span> <span class='ocrx_word' id='word_1_96' title='bbox 745 1889 847 1945; x_wconf 91' lang='lat' dir='ltr'><em>tenus</em></span> <span class='ocrx_word' id='word_1_97' title='bbox 859 1892 1064 1972; x_wconf 88' lang='lat' dir='ltr'><em>prostratus</em></span> <span class='ocrx_word' id='word_1_98' title='bbox 1076 1876 1132 1950; x_wconf 89' lang='lat' dir='ltr'><em>ad</em></span> <span class='ocrx_word' id='word_1_99' title='bbox 1140 1876 1260 1980; x_wconf 74' lang='lat' dir='ltr'><em>pedes</em></span> 
     </span>
     <span class='ocr_line' id='line_1_15' title="bbox 192 1988 1260 2091; baseline 0.004 -28"><span class='ocrx_word' id='word_1_100' title='bbox 192 1989 452 2064; x_wconf 75' lang='lat' dir='ltr'><em>misericordia</em></span> <span class='ocrx_word' id='word_1_101' title='bbox 462 2006 590 2062; x_wconf 82' lang='lat' dir='ltr'><em>vcstrce</em></span> <span class='ocrx_word' id='word_1_102' title='bbox 603 1988 817 2086; x_wconf 80' lang='lat' dir='ltr'><em>lacrymosis</em></span> <span class='ocrx_word' id='word_1_103' title='bbox 828 1991 1023 2087; x_wconf 81' lang='lat' dir='ltr'><em>gemitibus</em></span> <span class='ocrx_word' id='word_1_104' title='bbox 1034 1992 1260 2091; x_wconf 68' lang='lat' dir='ltr'><em>praeardua-</em></span> 
     </span>
     <span class='ocr_line' id='line_1_16' title="bbox 193 2105 1261 2209; baseline 0.004 -29"><span class='ocrx_word' id='word_1_105' title='bbox 193 2111 274 2180; x_wconf 86' lang='lat' dir='ltr'><em>liter</em></span> <span class='ocrx_word' id='word_1_106' title='bbox 295 2107 454 2209; x_wconf 78' lang='lat' dir='ltr'><em>efflagito</em></span> <span class='ocrx_word' id='word_1_107' title='bbox 477 2122 515 2176; x_wconf 93' lang='lat' dir='ltr'><em>ut</em></span> <span class='ocrx_word' id='word_1_108' title='bbox 531 2131 619 2190; x_wconf 83' lang='lat' dir='ltr'><em>vos,</em></span> <span class='ocrx_word' id='word_1_109' title='bbox 645 2108 711 2204; x_wconf 90' lang='lat' dir='ltr'><em>qui</em></span> <span class='ocrx_word' id='word_1_110' title='bbox 729 2108 768 2177; x_wconf 87' lang='lat' dir='ltr'><em>in</em></span> <span class='ocrx_word' id='word_1_111' title='bbox 785 2105 863 2178; x_wconf 89' lang='lat' dir='ltr'><em>loco</em></span> <span class='ocrx_word' id='word_1_112' title='bbox 886 2105 985 2179; x_wconf 88' lang='lat' dir='ltr'><em>beati</em></span> <span class='ocrx_word' id='word_1_113' title='bbox 1006 2111 1102 2181; x_wconf 81' lang='lat' dir='ltr'><em>Petri</em></span> <span class='ocrx_word' id='word_1_114' title='bbox 1115 2132 1261 2183; x_wconf 78' lang='lat' dir='ltr'><em>summ</em></span> 
     </span>
     <span class='ocr_line' id='line_1_17' title="bbox 195 2219 1260 2324; baseline 0.004 -29"><span class='ocrx_word' id='word_1_115' title='bbox 195 2224 390 2324; x_wconf 79' lang='lat' dir='ltr'><em>m&#39;gilantia</em></span> <span class='ocrx_word' id='word_1_116' title='bbox 400 2245 481 2293; x_wconf 78' lang='lat' dir='ltr'><em>oves</em></span> <span class='ocrx_word' id='word_1_117' title='bbox 493 2219 698 2293; x_wconf 86' lang='lat' dir='ltr'><em>dominicas</em></span> <span class='ocrx_word' id='word_1_118' title='bbox 711 2221 826 2307; x_wconf 90' lang='lat' dir='ltr'><em>alere,</em></span> <span class='ocrx_word' id='word_1_119' title='bbox 847 2239 917 2294; x_wconf 91' lang='lat' dir='ltr'><em>eta</em></span> <span class='ocrx_word' id='word_1_120' title='bbox 932 2222 1101 2324; x_wconf 81' lang='lat' dir='ltr'><em>luporum</em></span> <span class='ocrx_word' id='word_1_121' title='bbox 1112 2225 1260 2299; x_wconf 75' lang='lat' dir='ltr'><em>insidiis</em></span> 
     </span>
     <span class='ocr_line' id='line_1_18' title="bbox 194 2333 1259 2435; baseline -0.002 -22"><span class='ocrx_word' id='word_1_122' title='bbox 194 2337 374 2413; x_wconf 82' lang='lat' dir='ltr'><em>custodire</em></span> <span class='ocrx_word' id='word_1_123' title='bbox 403 2333 560 2424; x_wconf 89' lang='lat' dir='ltr'><em>debetis,</em></span> <span class='ocrx_word' id='word_1_124' title='bbox 593 2334 703 2434; x_wconf 79' lang='lat' dir='ltr'><em>liujus</em></span> <span class='ocrx_word' id='word_1_125' title='bbox 733 2335 868 2435; x_wconf 85' lang='lat' dir='ltr'><em>lupinoe</em></span> <span class='ocrx_word' id='word_1_126' title='bbox 896 2336 1092 2412; x_wconf 80' lang='lat' dir='ltr'><em>discordiae</em></span> <span class='ocrx_word' id='word_1_127' title='bbox 1120 2339 1259 2419; x_wconf 82' lang='lat' dir='ltr'><em>malam</em></span> 
     </span>
     <span class='ocr_line' id='line_1_19' title="bbox 195 2451 1260 2554; baseline 0.003 -26"><span class='ocrx_word' id='word_1_128' title='bbox 195 2461 288 2529; x_wconf 88' lang='lat' dir='ltr'><em>inter</em></span> <span class='ocrx_word' id='word_1_129' title='bbox 302 2479 359 2525; x_wconf 89' lang='lat' dir='ltr'><em>me</em></span> <span class='ocrx_word' id='word_1_130' title='bbox 374 2451 575 2551; x_wconf 80' lang='lat' dir='ltr'><em>etsratrem</em></span> <span class='ocrx_word' id='word_1_131' title='bbox 597 2451 710 2541; x_wconf 84' lang='lat' dir='ltr'><em>bunc,</em></span> <span class='ocrx_word' id='word_1_132' title='bbox 731 2452 862 2552; x_wconf 85' lang='lat' dir='ltr'><em>dequo</em></span> <span class='ocrx_word' id='word_1_133' title='bbox 882 2453 1020 2554; x_wconf 90' lang='lat' dir='ltr'><em>loquor,</em></span> <span class='ocrx_word' id='word_1_134' title='bbox 1040 2454 1260 2531; x_wconf 80' lang='lat' dir='ltr'><em>Rodbertum</em></span> 
     </span>
     <span class='ocr_line' id='line_1_20' title="bbox 196 2568 1257 2672; baseline 0.005 -28"><span class='ocrx_word' id='word_1_135' title='bbox 196 2599 247 2645; x_wconf 75' lang='lat' dir='ltr'><em>ear</em></span> <span class='ocrx_word' id='word_1_136' title='bbox 264 2570 337 2642; x_wconf 78' lang='lat' dir='ltr'><em>zelo</em></span> <span class='ocrx_word' id='word_1_137' title='bbox 354 2568 429 2639; x_wconf 89' lang='lat' dir='ltr'><em>Dei</em></span> <span class='ocrx_word' id='word_1_138' title='bbox 436 2568 700 2669; x_wconf 82' lang='lat' dir='ltr'><em>perjudicium</em></span> <span class='ocrx_word' id='word_1_139' title='bbox 712 2572 894 2667; x_wconf 87' lang='lat' dir='ltr'><em>oequitatis</em></span> <span class='ocrx_word' id='word_1_140' title='bbox 908 2571 1052 2646; x_wconf 79' lang='lat' dir='ltr'><em>abolere</em></span> <span class='ocrx_word' id='word_1_141' title='bbox 1055 2570 1257 2672; x_wconf 60' lang='lat' dir='ltr'><em>festinetis,</em></span> 
     </span>
     <span class='ocr_line' id='line_1_21' title="bbox 196 2683 1260 2791; baseline 0.004 -30"><span class='ocrx_word' id='word_1_142' title='bbox 196 2706 230 2761; x_wconf 89' lang='lat' dir='ltr'><em>et</em></span> <span class='ocrx_word' id='word_1_143' title='bbox 252 2712 389 2758; x_wconf 85' lang='lat' dir='ltr'><em>omnem</em></span> <span class='ocrx_word' id='word_1_144' title='bbox 416 2685 513 2757; x_wconf 77' lang='lat' dir='ltr'><em>lianc</em></span> <span class='ocrx_word' id='word_1_145' title='bbox 525 2683 809 2782; x_wconf 86' lang='lat' dir='ltr'><em>fluctuationem</em></span> <span class='ocrx_word' id='word_1_146' title='bbox 834 2716 859 2760; x_wconf 94' lang='lat' dir='ltr'><em>a</em></span> <span class='ocrx_word' id='word_1_147' title='bbox 882 2691 990 2762; x_wconf 90' lang='lat' dir='ltr'><em>corde</em></span> <span class='ocrx_word' id='word_1_148' title='bbox 1012 2716 1091 2763; x_wconf 86' lang='lat' dir='ltr'><em>meo</em></span> <span class='ocrx_word' id='word_1_149' title='bbox 1110 2693 1260 2791; x_wconf 82' lang='lat' dir='ltr'><em>penitus</em></span> 
     </span>
     <span class='ocr_line' id='line_1_22' title="bbox 198 2800 1261 2901; baseline 0.004 -23"><span class='ocrx_word' id='word_1_150' title='bbox 198 2804 375 2900; x_wconf 87' lang='lat' dir='ltr'><em>auferatis</em></span> <span class='ocrx_word' id='word_1_151' title='bbox 380 2835 397 2887; x_wconf 92' lang='lat'><em>,·</em></span> <span class='ocrx_word' id='word_1_152' title='bbox 420 2800 630 2873; x_wconf 89' lang='lat' dir='ltr'><em>itascilicet</em></span> <span class='ocrx_word' id='word_1_153' title='bbox 652 2817 691 2873; x_wconf 90' lang='lat' dir='ltr'><em>ut</em></span> <span class='ocrx_word' id='word_1_154' title='bbox 708 2829 756 2875; x_wconf 72' lang='lat' dir='ltr'><em>ee</em></span> <span class='ocrx_word' id='word_1_155' title='bbox 778 2805 926 2901; x_wconf 90' lang='lat' dir='ltr'><em>imperio</em></span> <span class='ocrx_word' id='word_1_156' title='bbox 943 2823 1076 2879; x_wconf 80' lang='lat' dir='ltr'><em>vestrae</em></span> <span class='ocrx_word' id='word_1_157' title='bbox 1096 2811 1261 2881; x_wconf 65' lang='lat' dir='ltr'><em>meton-</em></span> 
     </span>
     <span class='ocr_line' id='line_1_23' title="bbox 199 2919 1261 3014; baseline 0.008 -22"><span class='ocrx_word' id='word_1_158' title='bbox 199 2922 302 3007; x_wconf 90' lang='lat' dir='ltr'><em>tatis,</em></span> <span class='ocrx_word' id='word_1_159' title='bbox 322 2934 356 2989; x_wconf 89' lang='lat' dir='ltr'><em>et</em></span> <span class='ocrx_word' id='word_1_160' title='bbox 372 2942 429 2988; x_wconf 93' lang='lat' dir='ltr'><em>me</em></span> <span class='ocrx_word' id='word_1_161' title='bbox 444 2934 478 2988; x_wconf 93' lang='lat' dir='ltr'><em>et</em></span> <span class='ocrx_word' id='word_1_162' title='bbox 492 2919 731 2991; x_wconf 89' lang='lat' dir='ltr'><em>ordinationis</em></span> <span class='ocrx_word' id='word_1_163' title='bbox 748 2947 840 2995; x_wconf 83' lang='lat' dir='ltr'><em>meoe</em></span> <span class='ocrx_word' id='word_1_164' title='bbox 856 2939 1019 3014; x_wconf 89' lang='lat' dir='ltr'><em>autores,</em></span> <span class='ocrx_word' id='word_1_165' title='bbox 1042 2940 1078 2995; x_wconf 90' lang='lat' dir='ltr'><em>et</em></span> <span class='ocrx_word' id='word_1_166' title='bbox 1093 2925 1261 3001; x_wconf 83' lang='lat' dir='ltr'><em>eumdem</em></span> 
     </span>
     <span class='ocr_line' id='line_1_24' title="bbox 198 3032 1260 3137; baseline 0.007 -29"><span class='ocrx_word' id='word_1_167' title='bbox 198 3033 406 3108; x_wconf 88' lang='lat' dir='ltr'><em>Rotbertum</em></span> <span class='ocrx_word' id='word_1_168' title='bbox 421 3032 720 3106; x_wconf 88' lang='lat' dir='ltr'><em>calunmiatorem</em></span> <span class='ocrx_word' id='word_1_169' title='bbox 733 3037 787 3108; x_wconf 91' lang='lat' dir='ltr'><em>ad</em></span> <span class='ocrx_word' id='word_1_170' title='bbox 796 3038 1042 3137; x_wconf 88' lang='lat' dir='ltr'><em>justissimam</em></span> <span class='ocrx_word' id='word_1_171' title='bbox 1054 3045 1105 3113; x_wconf 89' lang='lat' dir='ltr'><em>rei</em></span> <span class='ocrx_word' id='word_1_172' title='bbox 1117 3040 1260 3115; x_wconf 71' lang='lat' dir='ltr'><em>discus·</em></span> 
     </span>
     <span class='ocr_line' id='line_1_25' title="bbox 197 3147 1262 3252; baseline 0.006 -29"><span class='ocrx_word' id='word_1_173' title='bbox 197 3156 334 3223; x_wconf 87' lang='lat' dir='ltr'><em>sionem</em></span> <span class='ocrx_word' id='word_1_174' title='bbox 348 3173 471 3219; x_wconf 87' lang='lat' dir='ltr'><em>coram</em></span> <span class='ocrx_word' id='word_1_175' title='bbox 485 3147 626 3221; x_wconf 87' lang='lat' dir='ltr'><em>idoneis</em></span> <span class='ocrx_word' id='word_1_176' title='bbox 643 3149 877 3250; x_wconf 79' lang='lat' dir='ltr'><em>legitimisque</em></span> <span class='ocrx_word' id='word_1_177' title='bbox 885 3153 1079 3252; x_wconf 88' lang='lat' dir='ltr'><em>judicibus</em></span> <span class='ocrx_word' id='word_1_178' title='bbox 1094 3161 1134 3227; x_wconf 86' lang='lat' dir='ltr'><em>in</em></span> <span class='ocrx_word' id='word_1_179' title='bbox 1150 3182 1262 3229; x_wconf 84' lang='lat' dir='ltr'><em>unum</em></span> 
     </span>
     <span class='ocr_line' id='line_1_26' title="bbox 198 3263 1262 3373; baseline 0.006 -34"><span class='ocrx_word' id='word_1_180' title='bbox 198 3263 575 3357; x_wconf 76' lang='lat' dir='ltr'><em>convenirefaciotis;</em></span> <span class='ocrx_word' id='word_1_181' title='bbox 593 3267 764 3362; x_wconf 88' lang='lat' dir='ltr'><em>quatinus</em></span> <span class='ocrx_word' id='word_1_182' title='bbox 780 3272 811 3338; x_wconf 93' lang='lat' dir='ltr'><em>si</em></span> <span class='ocrx_word' id='word_1_183' title='bbox 827 3269 866 3339; x_wconf 92' lang='lat' dir='ltr'><em>in</em></span> <span class='ocrx_word' id='word_1_184' title='bbox 883 3268 1033 3343; x_wconf 90' lang='lat' dir='ltr'><em>abbatia</em></span> <span class='ocrx_word' id='word_1_185' title='bbox 1049 3269 1137 3343; x_wconf 91' lang='lat' dir='ltr'><em>bene</em></span> <span class='ocrx_word' id='word_1_186' title='bbox 1147 3273 1262 3373; x_wconf 86' lang='lat' dir='ltr'><em>posi-</em></span> 
     </span>
     <span class='ocr_line' id='line_1_27' title="bbox 200 3381 1260 3482; baseline 0.003 -27"><span class='ocrx_word' id='word_1_187' title='bbox 200 3400 257 3455; x_wconf 92' lang='lat' dir='ltr'><em>tus</em></span> <span class='ocrx_word' id='word_1_188' title='bbox 283 3394 441 3482; x_wconf 88' lang='lat' dir='ltr'><em>repertus</em></span> <span class='ocrx_word' id='word_1_189' title='bbox 455 3381 590 3475; x_wconf 77' lang='lat' dir='ltr'><em>fitero,</em></span> <span class='ocrx_word' id='word_1_190' title='bbox 612 3386 805 3480; x_wconf 84' lang='lat' dir='ltr'><em>persistam</em></span> <span class='ocrx_word' id='word_1_191' title='bbox 817 3413 830 3470; x_wconf 92' lang='lat'><em>,·</em></span> <span class='ocrx_word' id='word_1_192' title='bbox 854 3385 889 3456; x_wconf 91' lang='lat' dir='ltr'><em>si</em></span> <span class='ocrx_word' id='word_1_193' title='bbox 912 3386 1029 3476; x_wconf 89' lang='lat' dir='ltr'><em>male,</em></span> <span class='ocrx_word' id='word_1_194' title='bbox 1056 3386 1260 3461; x_wconf 84' lang='lat' dir='ltr'><em>discedam.</em></span> 
     </span>
     <span class='ocr_line' id='line_1_28' title="bbox 203 3497 1263 3601; baseline 0.003 -30"><span class='ocrx_word' id='word_1_195' title='bbox 203 3497 369 3597; x_wconf 73' lang='lat' dir='ltr'><em>Quodsi</em></span> <span class='ocrx_word' id='word_1_196' title='bbox 387 3520 456 3596; x_wconf 91' lang='lat' dir='ltr'><em>per</em></span> <span class='ocrx_word' id='word_1_197' title='bbox 476 3504 638 3596; x_wconf 75' lang='lat' dir='ltr'><em>gratiam</em></span> <span class='ocrx_word' id='word_1_198' title='bbox 662 3516 820 3572; x_wconf 83' lang='lat' dir='ltr'><em>vestram</em></span> <span class='ocrx_word' id='word_1_199' title='bbox 836 3501 1019 3601; x_wconf 69' lang='lat' dir='ltr'><em>jeceritis,</em></span> <span class='ocrx_word' id='word_1_200' title='bbox 1049 3519 1083 3574; x_wconf 91' lang='lat' dir='ltr'><em>et</em></span> <span class='ocrx_word' id='word_1_201' title='bbox 1104 3500 1263 3599; x_wconf 70' lang='lat' dir='ltr'><em>efficium</em></span> 
     </span>
     <span class='ocr_line' id='line_1_29' title="bbox 200 3614 1263 3718; baseline 0.008 -31"><span class='ocrx_word' id='word_1_202' title='bbox 200 3615 346 3715; x_wconf 88' lang='lat' dir='ltr'><em>quidem</em></span> <span class='ocrx_word' id='word_1_203' title='bbox 359 3630 517 3687; x_wconf 85' lang='lat' dir='ltr'><em>oestrum</em></span> <span class='ocrx_word' id='word_1_204' title='bbox 533 3614 769 3689; x_wconf 84' lang='lat' dir='ltr'><em>laudabiliter</em></span> <span class='ocrx_word' id='word_1_205' title='bbox 783 3619 988 3718; x_wconf 76' lang='lat' dir='ltr'><em>implebitis,</em></span> <span class='ocrx_word' id='word_1_206' title='bbox 1005 3637 1039 3692; x_wconf 91' lang='lat' dir='ltr'><em>et</em></span> <span class='ocrx_word' id='word_1_207' title='bbox 1051 3646 1119 3695; x_wconf 90' lang='lat' dir='ltr'><em>nos</em></span> <span class='ocrx_word' id='word_1_208' title='bbox 1133 3619 1263 3695; x_wconf 67' lang='lat' dir='ltr'><em>unibat</em></span> 
     </span>
     <span class='ocr_line' id='line_1_30' title="bbox 187 3730 1265 3839; baseline 0.006 -35"><span class='ocrx_word' id='word_1_209' title='bbox 187 3730 328 3830; x_wconf 82' lang='lat' dir='ltr'><em>fratres</em></span> <span class='ocrx_word' id='word_1_210' title='bbox 340 3733 379 3801; x_wconf 90' lang='lat' dir='ltr'><em>in</em></span> <span class='ocrx_word' id='word_1_211' title='bbox 385 3735 494 3831; x_wconf 86' lang='lat' dir='ltr'><em>pacis</em></span> <span class='ocrx_word' id='word_1_212' title='bbox 509 3732 739 3807; x_wconf 84' lang='lat' dir='ltr'><em>dulcedinem</em></span> <span class='ocrx_word' id='word_1_213' title='bbox 750 3734 973 3808; x_wconf 88' lang='lat' dir='ltr'><em>conducetis.</em></span> <span class='ocrx_word' id='word_1_214' title='bbox 986 3736 1088 3809; x_wconf 85' lang='lat' dir='ltr'><em>Nom</em></span> <span class='ocrx_word' id='word_1_215' title='bbox 1098 3738 1265 3839; x_wconf 81' lang='lat' dir='ltr'><em>siveper·</em></span> 
     </span>
     <span class='ocr_line' id='line_1_31' title="bbox 201 3845 1263 3955; baseline 0.009 -38"><span class='ocrx_word' id='word_1_216' title='bbox 201 3849 344 3936; x_wconf 87' lang='lat' dir='ltr'><em>sistere,</em></span> <span class='ocrx_word' id='word_1_217' title='bbox 361 3848 434 3918; x_wconf 83' lang='lat' dir='ltr'><em>sive</em></span> <span class='ocrx_word' id='word_1_218' title='bbox 444 3845 627 3920; x_wconf 88' lang='lat' dir='ltr'><em>discedere</em></span> <span class='ocrx_word' id='word_1_219' title='bbox 640 3849 731 3921; x_wconf 87' lang='lat' dir='ltr'><em>mibi</em></span> <span class='ocrx_word' id='word_1_220' title='bbox 743 3854 949 3947; x_wconf 73' lang='lat' dir='ltr'><em>contingat,</em></span> <span class='ocrx_word' id='word_1_221' title='bbox 959 3851 1127 3955; x_wconf 79' lang='lat' dir='ltr'><em>projecto</em></span> <span class='ocrx_word' id='word_1_222' title='bbox 1141 3849 1263 3952; x_wconf 75' lang='lat' dir='ltr'><em>etsta·</em></span> 
     </span>
    </p>
   </div>
   <div class='ocr_carea' id='block_1_3' title="bbox 238 4096 499 4168">
    <p class='ocr_par' dir='ltr' id='par_1_3' title="bbox 238 4096 499 4168">
     <span class='ocr_line' id='line_1_32' title="bbox 238 4096 499 4168; baseline -0.008 -16"><span class='ocrx_word' id='word_1_223' title='bbox 238 4100 442 4168; x_wconf 62' lang='lat' dir='ltr'><em>(chiorum,</em></span> <span class='ocrx_word' id='word_1_224' title='bbox 459 4096 499 4151; x_wconf 73' lang='lat'><em>15.</em></span> 
     </span>
    </p>
   </div>
   <div class='ocr_carea' id='block_1_4' title="bbox 0 0 1460 4980">
    <p class='ocr_par' dir='ltr' id='par_1_4' title="bbox 0 0 1460 4980">
     <span class='ocr_line' id='line_1_33' title="bbox 0 0 1460 4980; baseline 0 0"><span class='ocrx_word' id='word_1_225' title='bbox 0 0 1460 4980; x_wconf 95' lang='lat' dir='ltr'><em> </em></span> 
     </span>
    </p>
   </div>
  </div>
 </body>
</html>
