2926 4980
135 442 138 447 ’
196 447 254 505 118
469 442 976 508 n1sr0u1seocttstasr1cs.
1054 449 1258 531 [loculoso]

195 579 268 638 tem
288 564 482 639 Britonum
502 564 560 664 (1)
580 563 753 655 duxerat,
775 563 953 665 armisque
974 563 1197 667 fulgentibus
1220 584 1258 643 et

195 682 296 782 equis
302 734 316 770 „
328 682 474 784 aliisque
487 682 648 783 insigniis
660 706 742 754 cum
756 680 1065 756 commilitonibus
1076 684 1148 755 suis
1160 710 1261 784 speo-

195 797 354 873 tabiliter
371 798 573 895 ornaverat.
594 801 682 872 Erat
699 798 794 871 enim
813 798 909 873 idem
921 798 1061 900 Anglus
1077 800 1260 901 magnitu-

194 913 279 986 dine
295 928 330 988 οι
348 915 542 1014 elegantia,
562 912 769 1015 viribusque
788 913 968 1014 corporis,
989 915 1171 1015 animique
1191 942 1260 989 au-

194 1029 291 1104 dacia
327 1047 363 1106 et
399 1031 532 1132 linguas
571 1030 737 1106 facundia
748 1086 760 1121 ,
809 1032 1004 1132 multisque
1046 1032 1180 1105 facetiis
1221 1048 1260 1106 et

194 1144 435 1244 probitatibus
454 1144 686 1223 admirabilis.
705 1146 774 1221 Sed
792 1147 880 1247 quid
900 1147 931 1221 ei
952 1163 1049 1219 tanta
1069 1146 1163 1222 dona
1181 1148 1260 1221 sine

195 1261 283 1353 fide,
301 1290 384 1366 quae
399 1265 584 1341 bonorum
599 1265 765 1340 omnium
781 1264 1060 1338 fundamentum
1076 1281 1146 1354 est,
1166 1291 1260 1341 eon-

193 1380 385 1457 tulerunt?
408 1384 450 1455 ln
471 1382 626 1483 patriam
649 1406 778 1482 nempe
802 1406 903 1452 suam
923 1396 965 1453 ut
987 1407 1164 1480 regressus
1184 1396 1258 1475 est,

193 1521 262 1594 pro
280 1498 474 1597 cupiditate
490 1501 592 1600 regni
612 1498 770 1572 Domino
786 1523 850 1570 suo
867 1495 975 1571 fidem
997 1498 1168 1570 mentitus
1191 1512 1257 1571 est.

195 1614 285 1688 Nam
300 1640 422 1714 regem
437 1613 665 1703 Eduardum,
681 1615 743 1715 qui
761 1616 890 1687 morbo
908 1614 1173 1714 ingravescente
1184 1616 1260 1712 jam

195 1733 307 1806 morti
327 1733 513 1832 proximus
535 1748 630 1823 erat,
650 1732 910 1819 circumvenit,
930 1731 1033 1831 eique
1052 1728 1261 1803 transfreta·

195 1848 304 1921 tionis
331 1873 406 1923 suae
429 1864 466 1922 et
490 1848 725 1949 profectionis
751 1848 788 1920 in
810 1845 1070 1921 Normanniam
1096 1873 1136 1919 ac
1161 1846 1262 1947 lega-

195 1964 304 2036 tionis
322 1964 450 2039 seriem
466 1966 605 2039 retulit.
630 1963 768 2038 Deinde
790 1963 1027 2037 fraudulentis
1051 1961 1262 2037 assertioni·

194 2077 260 2152 bus
285 2079 412 2180 adjecit
436 2082 537 2184 quod
556 2082 773 2157 Willermus
799 2080 1034 2154 Normanniae
1058 2077 1125 2152 sibi
1150 2078 1262 2153 liliam

195 2222 295 2272 suam
325 2200 364 2272 in
396 2201 604 2301 conjugium
632 2198 772 2273 dederit
800 2199 883 2297 (2),
917 2213 955 2269 et
984 2198 1095 2270 totius
1120 2194 1263 2297 Anglici

72 2412 77 2417 Ι
195 2316 296 2415 regni
305 2318 377 2414 jus,
387 2331 512 2415 utpote
524 2339 659 2416 genero
674 2342 740 2390 suo
757 2314 985 2389 concesserit.
1000 2310 1105 2406 Quod
1116 2313 1263 2425 audiens

196 2446 352 2529 aegrotus
366 2432 536 2530 princeps
556 2432 705 2503 miratus
723 2447 793 2517 est,
814 2446 933 2503 tamen
952 2428 1104 2505 credidit
1122 2444 1158 2502 et
1175 2454 1263 2505 oon·

197 2548 300 2640 cessit
317 2547 416 2646 quod
432 2547 532 2622 vafer
548 2562 724 2649 tyrannus
741 2530 1005 2620 commentatus
1021 2560 1087 2618 est.

245 2664 331 2737 Post
345 2664 484 2766 aliquot
498 2665 671 2771 temporis
686 2664 756 2764 piae
773 2663 960 2737 memoriae
980 2687 1043 2734 rex
1059 2658 1262 2751 Edundus,

199 2792 302 2854 xx1v⁰
319 2808 415 2856 anno
437 2783 539 2883 regni
566 2783 642 2871 sui,
668 2782 782 2856 no'nas
800 2780 954 2881 januarii
980 2778 1181 2852 Lundoniae
1198 2777 1264 2854 de-

198 2894 344 2968 functus
360 2914 432 2985 est,
447 2899 537 2973 etin
553 2922 650 2973 noro
665 2898 899 2985 monasterio,
911 2894 1010 2997 quod
1024 2897 1098 2994 ipse
1113 2896 1151 2968 in
1167 2896 1265 2970 occi·

198 3012 331 3086 dentali
348 3030 451 3113 parte
462 3015 563 3089 urbis
579 3014 788 3089 condiderat
800 3014 858 3115 (3)
867 3068 879 3101 ‚
895 3030 931 3087 et
944 3028 1032 3085 tunc
1046 3010 1264 3112 praecedenti

199 3131 394 3231 septimana
406 3120 564 3235 ¹dedicari
583 3132 738 3221 fecerat,
758 3156 873 3231 prope
891 3129 1002 3201 altare
1018 3126 1117 3229 quod
1138 3126 1266 3201 beatus

200 3246 326 3320 Petrus
342 3246 522 3346 apostolus
542 3264 702 3349 tempore
718 3247 846 3322 Melliti
866 3246 1022 3347 episcopi
1040 3270 1123 3317 cum
1141 3258 1265 3320 osten-

199 3363 502 3464 sione'signorum
519 3381 805 3455 consecraverat,
825 3364 986 3463 sepultus
998 3380 1064 3437 est.
1081 3364 1186 3435 Tunc
1198 3363 1266 3437 He·

200 3478 319 3577 raldns
343 3480 421 3581 ipso
445 3482 694 3556 tumulationis
717 3481 795 3574 die,
818 3482 905 3555 dum
924 3479 1025 3581 plebs
1046 3480 1085 3551 in
1107 3478 1267 3580 exequiis

234 3678 244 3747 l
250 3679 273 3748 t)
289 3672 387 3733 Conari
396 3677 437 3749 11,
450 3677 693 3755 ducdeBretagne
704 3678 892 3755 (rolorodti).
907 3680 944 3735 La
959 3677 1100 3750 tapissrrie
1110 3675 1145 3731 de
1156 3676 1267 3751 Bryeux

198 3769 326 3838 presente
338 3766 475 3840 plusieurs
489 3769 688 3825 circonstanoes
702 3770 843 3826 curicuses
854 3769 889 3824 de
903 3776 974 3825 cette
988 3766 1157 3841 expedition.

234 3856 273 3927 (a)
289 3854 378 3910 Notre
391 3866 499 3925 auteur,
514 3856 563 3930 qui
579 3858 626 3915 nie
638 3859 674 3914 ici
690 3857 729 3915 les
746 3856 892 3932 lianoailles
905 3856 940 3912 de
956 3855 1061 3912 Harold
1074 3874 1138 3911 avec
1155 3852 1267 3928 Agathe

198 3964 236 3999 ou
247 3944 372 4013 adcline,
382 3943 437 4000 fille
447 3944 525 4001 alode
537 3944 572 4001 dc
583 3946 756 4018 Guillaume‚
770 3966 800 4004 se
807 3947 962 4003 dementira
972 3947 1118 4003 lui-meme
1127 3948 1143 4001 ir
1153 3964 1184 4001 ce
1192 3944 1266 4019 sujet

200 4034 269 4089 dans
280 4030 307 4088 le
319 4045 347 4086 v·
360 4033 428 4089 livre
441 4032 477 4091 de
487 4052 538 4091 son
551 4034 677 4093 histoire.

235 4118 272 4193 (3)
291 4120 498 4178 westminster.
513 4124 551 4181 La
566 4122 694 4183 dedicace
707 4137 754 4181 out
772 4125 830 4180 lieu
847 4124 872 4179 lc
887 4084 922 4179 ali
934 4124 1096 4189 decembre3
1118 4144 1148 4180 ce
1164 4124 1260 4181 n'dtail

200 4206 302 4281 qu'une
315 4204 505 4261 restauration.
