2910 4980
189 413 297 491 [roes]
562 409 678 471 ursan
699 410 891 485 Quanrus.
1198 417 1257 478 179

189 526 424 601 auscultabat.
466 527 671 601 Desertor-es
709 527 912 627 hujusmodi
953 546 1029 602 arte
1067 530 1256 630 aliquoties

190 646 429 722 reducuntur.
459 646 540 719 Pari
569 645 756 720 sedulitate
776 663 812 720 et
832 646 989 721 sollertia
1015 648 1137 722 Gallos
1158 678 1258 724 nunc

190 760 415 852 instruebat,
441 787 541 835 nunc
562 780 604 836 ut
630 779 757 837 contra
780 789 905 835 omnes
930 763 1033 837 dolos
1059 780 1095 838 et
1117 766 1260 843 insidias

192 880 420 981 singulorum
438 905 577 978 semper
598 876 732 978 ubique
753 881 868 979 parati
891 898 1008 954 essent
1029 883 1119 954 clam
1138 883 1262 984 Anglis

195 993 463 1070 commonebat.
477 997 625 1067 Gunotae
638 992 744 1067 urbes
754 1009 790 1067 et
801 995 977 1094 regiones,
990 1022 1077 1095 quas
1088 999 1161 1096 ipse
1171 1000 1263 1073 adie-

193 1127 253 1183 rat
270 1110 328 1185 vel
344 1111 518 1211 praesidiis
534 1127 788 1209 occupaverat,
805 1111 848 1183 ad
869 1128 1001 1184 nutum
1016 1114 1048 1184 ei
1073 1113 1260 1213 parebant.

196 1227 300 1300 Circa
318 1229 494 1301 terminos
504 1227 603 1326 regni
622 1257 630 1298 :
648 1226 871 1300 occidentem
887 1242 949 1299 aut
966 1229 1105 1329 plagam
1120 1247 1264 1331 septen-

195 1344 390 1420 trionalem
406 1371 546 1432 versus,
567 1344 711 1418 ellrenis
726 1342 842 1417 adhuc
861 1343 995 1418 ferocia
1011 1346 1261 1445 superbiebat,

196 1477 234 1535 et
258 1461 398 1560 Angliae
430 1464 530 1561 regi,
563 1463 631 1533 nisi
664 1460 708 1533 ad
737 1458 883 1534 libitum
911 1487 1041 1550 suum,
1073 1463 1263 1555 famulari,

198 1577 265 1652 sub
279 1605 364 1679 rege
380 1577 550 1653 Eduardo
567 1579 716 1678 aliisque
736 1576 920 1676 prioribus
937 1578 1026 1652 olim
1043 1577 1262 1679 despexerat.

244 1697 387 1770 Exonia
409 1698 464 1794 (1)
486 1696 688 1770 libertatem
708 1696 896 1769 vendicare
918 1697 1034 1795 prima
1055 1699 1263 1789 contendit,

197 1812 259 1888 scd
275 1814 480 1887 fortissimis
497 1812 639 1887 athletis
659 1813 806 1886 fortiter
825 1839 902 1885 eam
921 1812 1171 1889 invadentibus
1188 1843 1266 1890 ser-

198 1929 305 2001 vituti
336 1928 524 2028 subjacuit.
552 1931 637 2001 Haec
663 1926 750 2000 urbs
774 1927 872 2002 ‹lives
898 1943 1010 2001 estet
1035 1932 1203 2031 antiqua,
1227 1933 1264 2004 in

196 2045 307 2144 plano
322 2046 407 2133 sita,
428 2071 577 2144 operose
594 2046 752 2132 munita,
769 2071 787 2116 a
806 2045 929 2118 littore
946 2045 1088 2119 man‘no
1098 2100 1109 2135 ,
1129 2073 1205 2148 quo
1223 2075 1265 2122 ex

197 2160 370 2237 Hibernia
388 2162 442 2236 vel
459 2163 644 2235 Britannia
662 2163 804 2236 minore
820 2161 1033 2236 brevissimo
1050 2164 1170 2237 aditur
1186 2192 1264 2264 spa-

200 2280 265 2368 tio,
285 2280 420 2352 distans
436 2279 601 2351 milliaria
619 2279 763 2351 circiter
777 2278 864 2353 duo.
882 2280 984 2351 Cives
998 2304 1076 2352 eam
1094 2279 1266 2355 tenebant

200 2397 346 2486 furiosi,
368 2399 522 2496 copiosae
536 2395 797 2483 multitudinis,
818 2395 1035 2468 infestissimi
1053 2396 1267 2471 mortalibus

201 2510 328 2587 Gallici
350 2516 512 2614 generis,
532 2512 685 2613 puberes
707 2540 747 2585 ac
768 2530 923 2585 senatus.
946 2514 992 2585 Hi
1016 2515 1192 2587 nimirum
1208 2542 1269 2590 so·

203 2631 276 2705 cios
300 2657 320 2703 e
346 2630 458 2730 plagis
481 2629 645 2702 finitimis
672 2630 832 2730 inquiete
856 2630 1098 2718 arcessebant,
1129 2659 1270 2706 merca-

203 2762 299 2821 tores
322 2745 471 2820 advenas
488 2745 586 2820 bello
610 2744 744 2818 habiles
758 2744 998 2833 retinebant,
1023 2763 1060 2820 et
1081 2749 1210 2847 pinnas
1229 2774 1270 2820 ac

201 2863 763 2965 tunes,etquae‹p1enecessaria
781 2860 848 2934 sibi
865 2862 1078 2952 censebant,
1098 2865 1135 2937 in
1150 2867 1269 2937 muni·

202 2980 333 3053 mentis
347 2977 542 3064 addebant,
557 2978 614 3052 vel
631 2975 891 3052 restaurabant.
907 2978 1002 3051 Alias
1018 3005 1163 3079 quoque
1179 2981 1268 3051 civi-

204 3109 291 3168 tates
306 3092 350 3167 ad
366 3092 646 3193 conspirandum
664 3094 702 3165 in
722 3092 845 3167 eadem
863 3091 1101 3193 legationibus
1120 3094 1269 3193 instiga-

206 3208 320 3299 bant,
355 3226 390 3282 et
421 3226 547 3283 contra
578 3236 699 3310 regem
735 3210 971 3309 alienigenam
1007 3225 1086 3284 toto
1117 3211 1199 3283 nisu
1232 3237 1268 3283 se

206 3324 477 3428 praeparabant,
497 3353 580 3400 cum
599 3353 674 3428 quo
698 3344 801 3401 antea
824 3326 867 3400 de
892 3327 993 3402 nullo
1016 3330 1163 3428 negotio
1183 3355 1269 3428 ege-

206 3462 301 3522 rant.
321 3445 398 3519 Rex
414 3470 500 3518 vero
516 3444 579 3516 ubi
597 3444 674 3518 haec
691 3446 824 3519 certius
840 3446 1034 3545 comperit,
1049 3444 1270 3544 primoribus

208 3563 360 3637 civitatis
379 3565 501 3659 jurare
523 3561 591 3633 sibi
614 3562 822 3636 fidelitatem
845 3560 1041 3634 mandavit.
1063 3563 1109 3638 At
1131 3561 1183 3634 illi
1207 3588 1269 3637 re-

208 3679 468 3755 mandaverunt
485 3681 517 3751 ei
527 3734 537 3767 ,
556 3680 714 3753 dicentes
731 3680 883 3778 :Neque
905 3696 1171 3752 sacramentum
1191 3685 1271 3780 regi

200 3793 402 3891 faciemus,
429 3822 543 3896 neque
572 3799 610 3867 in
636 3796 758 3868 urbem.
780 3823 861 3869 eum
886 3799 1180 3883 intromittemus;
1204 3799 1272 3870 sed
1386 3842 1389 3848 ,

213 3913 377 3986 tributum
389 3919 421 3985 ei
431 3941 479 3985 ex
491 3914 751 3986 consuetudine
754 3918 916 4015 pristina
929 3915 1132 3987 reddemus.
1146 3917 1270 3990 Econ·

244 4179 280 4248 (a)
300 4179 407 4244 Exeter‚
423 4177 490 4232 dans
501 4176 526 4232 le
541 4177 717 4232 Devonslrire.
