2926 4980
193 460 400 540 [ml-1068]
567 459 687 523 LIBER
703 459 885 523 TERTIUS.
1219 466 1259 523 8⁷

192 579 370 681 Rogerius
380 577 607 678 Gulafra(1),
618 578 749 679 aliique
758 580 914 680 perversi
924 581 1044 654 affines
1053 578 1255 682 rapiebant,

192 693 395 772 dubitabat.
413 695 520 770 Unde
539 696 654 770 muita
676 697 853 771 Uticensis
875 697 1021 773 ecclesia
1037 714 1126 770 tunc
1141 698 1259 798 perdi-

193 811 268 902 dit,
291 838 375 911 quae
402 838 514 912 usque
539 811 645 886 bodie
667 839 878 912 recuperare
900 812 1105 915 nullatenus
1122 816 1256 913 potuit.

243 929 582 1007 DefunctoNicolao
592 958 681 1031 papa
692 932 892 1006 Alexander
900 934 1140 1024 successit,ad
1150 959 1259 1033 quem

194 1045 399 1121 Rodbertus
408 1045 516 1120 abbas
528 1073 610 1120 cum
621 1074 659 1122 x1
670 1048 855 1151 monacbis
866 1049 988 1121 Sancti
998 1048 1142 1124 Ebrulfi
1151 1075 1260 1124 acces-

194 1163 254 1252 sit,
262 1164 368 1265 eique
377 1190 468 1254 suas,
478 1190 697 1267 suorumque
705 1166 852 1264 injurias
860 1165 1062 1249 luculenter
1072 1167 1262 1267 depromp-

193 1282 254 1356 sit.
265 1281 388 1356 Atille
396 1293 548 1381 paterno
557 1282 729 1357 solamine
742 1282 949 1383 benigniter
957 1309 1018 1357 eos
1026 1281 1258 1371 refocillavit,

193 1399 316 1500 cisque
329 1400 380 1472 ,in
402 1399 493 1474 urbe
513 1403 627 1474 Roma
650 1401 832 1491 ecclesiam
856 1402 969 1474 sancti
986 1401 1088 1474 Pauli
1108 1401 1262 1499 apostoli
1383 1497 1387 1504 Ι

194 1514 356 1604 tradidit,
374 1530 418 1586 ut
429 1514 480 1587 ibi
497 1513 699 1589 habitantes
710 1515 876 1601 ordinem
887 1541 993 1587 sunm
1005 1531 1185 1603 tenerent,
1199 1516 1263 1590 do-

193 1628 351 1705 nonsibi
376 1656 573 1731 congruam
598 1626 859 1706 habitationem
882 1632 1099 1705 invenirent.
1125 1632 1263 1706 Deinde

194 1747 401 1823 Rodbertus
430 1749 666 1841 Willermum
698 1748 743 1822 de
769 1749 968 1823 Mosterolo
1001 1748 1263 1825 consobrinum

194 1892 300 1940 suum
322 1866 368 1938 ad
383 1865 557 1939 auxilinm
580 1867 634 1938 sui
657 1867 858 1967 requisivit,
882 1869 1265 1968 promptissimumque

193 1981 239 2056 ud
269 1979 555 2056 subveniendum
589 1983 740 2055 invenit.
769 1982 965 2056 Proedictus
998 1985 1133 2083 quippe
1162 1984 1264 2057 miles

194 2126 297 2200 popm
309 2099 460 2200 signifer
476 2115 569 2188 erat,
589 2100 770 2200 armisque
788 2100 1019 2199 Campaniam
1031 2098 1260 2189 obtinuerat,

194 2231 233 2293 et
246 2217 468 2316 Campanos,
489 2217 555 2317 qui
572 2215 719 2290 diversis
735 2215 959 2301 scismatibus
981 2214 1027 2287 ab
1048 2217 1188 2288 unitate
1205 2243 1264 2288 ca-

195 2330 330 2408 tholiea
344 2316 584 2429 dissidebant,
599 2347 724 2406 sancto
741 2335 849 2407 Petro
869 2331 1034 2430 apostolo
1050 2331 1262 2433 subjugave-

194 2464 264 2523 rat.
276 2451 345 2523 Hic
356 2450 514 2545 exulanti
530 2452 798 2551 consanguineo
815 2475 898 2522 cum
911 2447 1098 2523 monachis
1111 2450 1183 2522 suis
1192 2476 1264 2525 me·

193 2562 364 2639 dietatem
372 2566 533 2664 antiquae
546 2564 662 2655 urbis,
672 2591 755 2665 quae
765 2564 908 2664 Aquino
921 2564 978 2663 (2)
990 2563 1137 2657 dicitur,
1149 2564 1261 2640 dedit.

193 2683 320 2785 Postea
335 2679 541 2756 Rodbertus
557 2681 751 2756 Ricardum
768 2682 971 2781 principem
992 2682 1124 2782 Capuoe
1147 2682 1265 2758 filium

230 2972 270 3045 (r)
282 2970 323 3028 ce
335 2970 431 3045 Roget·
447 2971 596 3042 Gonlafre,
612 2971 682 3026 dont
694 2970 719 3026 ia
732 2971 835 3027 tanrilla
849 2992 865 3027 a
880 2973 961 3030 laisse
972 2991 1023 3029 son
1039 2992 1105 3030 nom
1118 2978 1134 3030 a
1147 2974 1174 3030 la
1182 2976 1264 3034 Gou-

194 3061 308 3118 lentore
328 3060 573 3135 (prdoddemment
593 3061 706 3136 appeler
729 3060 755 3115 le
780 3062 1033 3131 Metuit-Bernard,
1062 3082 1170 3121 comme
1194 3085 1265 3121 nous

194 3150 299 3209 l'tvont
310 3156 378 3220 vu),
393 3150 497 3208 sembk
509 3151 569 3207 &tre
580 3151 606 3207 le
619 3152 710 3207 morae
721 3152 770 3227 qui
784 3152 1024 3225 prece'demment,
1038 3166 1068 3211 et
1079 3175 1130 3228 par
1140 3155 1265 3229 l’impul-

197 3243 258 3299 tion
270 3242 306 3299 de
316 3242 478 3298 Guillaume
490 3243 605 3312 Giroie,
620 3242 765 3298 deuxitme
778 3243 817 3298 du
831 3261 911 3312 nom,
926 3246 998 3299 avait
1010 3244 1103 3301 donne'
1114 3248 1130 3300 tt
1143 3245 1265 3319 l’abbaye

197 3330 232 3388 de
248 3319 459 3389 saint-Evroult
471 3330 575 3405 l’e'glise
594 3331 629 3386 de
645 3342 718 3387 cette
734 3350 892 3387 commune.
909 3333 957 3389 On
975 3333 1036 3389 doit
1053 3354 1108 3408 peu
1127 3335 1265 3392 s'etonner

197 3419 245 3477 det
257 3421 380 3494 caprioes
388 3439 444 3495 que
456 3420 497 3476 lea
509 3422 651 3496 seigneurs
664 3421 699 3476 de
711 3432 782 3477 cette
792 3424 916 3497 opeque,
929 3433 996 3478 tour
1007 3426 1023 3478 a
1037 3435 1102 3478 tour
1113 3425 1264 3499 prodigues

197 3518 225 3566 et
236 3526 368 3582 rapaces,
383 3511 558 3583 apportaient
570 3509 639 3565 dans
655 3509 730 3565 leurs
746 3511 881 3586 procedes
894 3531 990 3568 envers
1007 3512 1047 3568 les
1059 3513 1168 3587 eglises.
1187 3516 1264 3572 Nous

197 3617 299 3675 voyont
320 3599 390 3655 dans
407 3600 434 3655 le
456 3601 546 3657 meme
565 3602 739 3676 paragrapho
760 3602 884 3670 Robert,
904 3602 946 3657 fils
965 3603 1131 3676 d'Heugon,
1153 3605 1267 3662 devenir

197 3688 353 3765 &galement
371 3685 431 3743 l'un
447 3688 495 3745 des
509 3689 673 3763 spoliateurs
684 3689 724 3745 let
742 3689 805 3763 plus
824 3688 916 3745 avidas
936 3690 972 3745 de
990 3681 1199 3750 saint-Evrouit
1210 3714 1265 3769 peu

198 3778 277 3852 apros
298 3775 339 3831 ini
366 3777 442 3832 avoir
465 3777 558 3833 donne
582 3776 608 3831 le
630 3787 781 3852 patronage
804 3776 840 3831 de
861 3795 890 3832 sa
912 3778 1044 3851 paroisse.
1066 3811 1103 3824 -
1126 3780 1174 3837 On
1201 3801 1267 3838 ren-

198 3878 295 3924 contre
306 3886 346 3922 nn
357 3886 529 3942 personnage
548 3868 584 3922 de
602 3866 629 3922 la
645 3867 750 3924 famille
762 3869 898 3925 Goulasre
914 3893 919 3924 ε
941 3871 1109 3928 Guillelmus
1128 3874 1265 3949 Gulafra,

198 3959 287 4032 parmi
305 3958 345 4014 let
363 3958 604 4014 amitere-tenants
620 3958 659 4014 du
677 3961 769 4015 comte
790 3959 826 4015 de
844 3959 948 4016 Suffolk
968 3960 1037 4016 dans
1058 3961 1084 4018 le
1103 3963 1268 4040 Domesday

200 4047 289 4104 Book.

230 4141 271 4210 (a)
288 4138 364 4196 Villo
380 4138 416 4193 de
434 4138 461 4193 la
477 4147 551 4194 terre
562 4138 599 4194 de
610 4139 730 4207 labour,
745 4139 854 4195 celebre
870 4157 920 4214 pur
931 4139 959 4194 la
971 4141 1111 4199 naisaance
1125 4142 1161 4199 de
1182 4146 1263 4200 Juvo·

199 4227 260 4298 nal,
274 4227 487 4285 &Pescennius
503 4227 592 4303 Niger
602 4238 632 4286 et
644 4227 680 4285 de
689 4230 762 4286 sunt
773 4229 898 4286 Thomas
910 4228 1044 4305 d’Aquin.
