2910 4980
409 399 526 461 nem
548 399 730 475 ociores.

184 515 313 571 Culmine
325 516 441 588 pastoris
453 517 538 571 nituit
548 515 725 579 Rainiridus,
741 517 768 569 in
784 517 858 570 omni

184 606 256 659 Actu
271 603 446 676 magnificus,
462 613 636 658 constructor
648 603 843 676 pontificatus(
861 607 879 675 ).

93 785 210 833 cxvn
231 761 354 848 annis,
378 776 540 858 tempore
562 759 741 832 Zachariae
762 777 795 832 et
814 760 984 859 Stephani
999 790 1109 863 papa-

90 905 144 968 m,
162 880 288 978 viguit.
304 879 563 951 Carlomannus
579 894 613 950 et
627 880 799 977 Pippinus
814 883 1026 977 majoratum
1044 882 1107 953 do·

90 1020 127 1067 us
146 994 262 1091 adepti
281 1011 377 1064 sunt.

90 1204 93 1216 .
187 1162 333 1234 Remigius
345 1161 455 1234 presul,
471 1161 556 1232 regali
569 1163 655 1234 stirpe
667 1172 789 1227 creatus,

189 1252 292 1305 Devote
305 1251 384 1316 vixit,
399 1251 558 1305 commissos
570 1250 784 1322 dogmatizavit(
804 1257 821 1321 J.

90 1408 118 1479 ic
135 1404 229 1479 filius
248 1405 369 1477 Karoli
388 1404 540 1476 Martelli
564 1421 600 1475 et
618 1403 729 1477 frater
745 1409 887 1505 Pippini
911 1409 1002 1508 regis
1020 1408 1111 1497 fuit,

90 1542 236 1624 estoque
261 1522 486 1621 Ragensredo
504 1547 580 1594 xvn
606 1525 709 1594 annis
729 1526 1027 1625 Rotomagensem
1052 1554 1114 1600 ca-

90 1641 228 1729 edrum,
243 1654 404 1738 tempore
416 1638 529 1725 Pauli,
545 1640 789 1730 Constantini,
804 1640 1045 1742 stephanique
1055 1671 1116 1742 pa·

90 1784 194 1844 trum,
213 1754 386 1830 obtinuit.
399 1753 655 1825 Constantinus
669 1754 865 1853 imperator
879 1759 1009 1831 Leonis
1024 1758 1117 1832 filius

90 1871 367 1970 anstantinopoli
395 1870 574 1971 synodum
599 1897 732 1969 cccxxx
758 1875 1010 1974 episcoporum
1029 1902 1118 1951 con-

90 1990 223 2090 egcvit.
235 1986 435 2087 Stephanos
445 2013 547 2085 papa,
559 1988 807 2084 persecutione
816 1989 1016 2089 Haistulphi
1027 1994 1119 2064 Lan-

90 2103 297 2179 »bardorum
306 2103 397 2201 regis
407 2116 563 2188 vexatus,
573 2101 869 2192 Franciamadiit,
879 2118 915 2177 et
924 2105 1118 2205 Pippinum

90 2245 173 2322 gem
197 2246 237 2292 ac
254 2219 347 2292 filios
371 2222 444 2318 ejus
469 2218 644 2291 Karolum
667 2234 703 2291 et
726 2219 1007 2322 Karlomagnum
1031 2248 1118 2297 con·

90 2339 216 2412 oravit.
243 2339 348 2408 Tunc
374 2336 585 2408 Bonesacins
609 2336 804 2436 Maguntiae
832 2338 1118 2440 archiepiscopus

90 2455 220 2530 ,wido
240 2454 455 2527 Fontinellae
474 2451 581 2525 abbas
597 2453 653 2551 (3)
669 2453 885 2528 floruerunt.
904 2456 1117 2530 Constanti-

90 2598 124 2646 us
144 2588 182 2646 et
199 2570 364 2643 Abdallas
382 2569 522 2641 Amiras
546 2595 608 2641 rex
631 2571 908 2644 sarracenorum
925 2575 1060 2671 pariter
1080 2574 1117 2646 in

90 2688 276 2764 :thodoxos
290 2688 454 2759 saeviunt.
471 2688 544 2760 Leo
556 2685 650 2757 filius
661 2688 890 2760 Constantini
901 2705 983 2761 txx⁰
994 2704 1021 2761 1⁰
1037 2689 1117 2764 loco

325 2888 413 2895 ——-
422 2888 439 2893 ..-

90 2998 130 3069 (ι)
147 2995 173 3050 Il
189 3006 230 3050 est
243 2994 401 3067 impossible
419 2994 454 3048 de
471 2993 623 3068 prodiguer
635 2993 683 3048 des
696 2995 828 3068 louanges
844 3013 900 3050 non
917 2999 1046 3053 meritees
1058 2999 1120 3071 plus
1212 2988 1218 2997 ’

90 3085 279 3163 ιριιὰεωιιιευῑ
294 3084 378 3158 qn'on
398 3103 432 3139 ne
444 3083 479 3138 l’a
496 3084 546 3137 fait
565 3082 632 3138 dans
650 3101 681 3138 ce
694 3083 831 3158 dictique,
845 3088 994 3159 emprnnte
1011 3104 1118 3143 comme

90 3194 120 3233 us
131 3175 172 3232 lea
182 3185 274 3230 autres
285 3192 337 3228 aux
350 3184 423 3228 actes
440 3172 488 3227 des
506 3173 690 3247 archeveques
703 3173 737 3228 de
751 3173 859 3228 Ronen.
873 3174 898 3228 ll
911 3175 1053 3246 paraitrait
1065 3195 1120 3250 que

90 3264 204 3342 rginfroi
213 3265 281 3319 etait
292 3261 328 3316 de
339 3262 424 3316 haute
436 3264 589 3331 naissance,
603 3273 631 3318 et
642 3263 713 3319 avait
724 3266 768 3318 e'te
780 3263 805 3317 lc
813 3263 925 3336 parrain
935 3263 1001 3319 d'un
1015 3265 1064 3321 des
1077 3267 1119 3321 fils
1165 3322 1169 3333 ,

90 3350 333 3429 :Pepin-le·Bref;
349 3351 414 3406 c'est
431 3368 462 3404 ce
477 3351 526 3423 qui
542 3349 582 3404 lui
601 3351 673 3405 avait
685 3350 746 3404 vain
763 3348 802 3404 les
817 3350 956 3405 fonctions
972 3350 1069 3408 d'abbe
1084 3353 1119 3409 de

90 3441 232 3509 nutscelle,
250 3443 333 3515 qn’au
346 3439 416 3494 bout
428 3440 463 3494 dc
476 3440 545 3493 trois
557 3458 606 3494 ans
622 3440 643 3494 il
656 3440 700 3495 sut
712 3439 805 3513 obligo
817 3438 853 3494 de
865 3441 990 3514 resigner
1005 3460 1041 3498 en
1055 3447 1116 3518 742.

90 3533 230 3608 nconcoit
241 3530 429 3586 difficilement
448 3530 575 3602 qu’apres
588 3547 643 3584 une
655 3527 816 3601 experience
836 3531 858 3584 si
874 3528 1066 3588 malheureuse
1083 3534 1119 3590 de

90 3641 109 3679 n
117 3622 258 3679 cunctere
269 3618 344 3675 etde
360 3636 388 3672 sa
404 3616 538 3689 capacite,
554 3616 574 3670 il
586 3617 624 3670 ait
640 3619 684 3670 ete
697 3616 772 3671 cleve
784 3633 832 3671 sur
843 3616 869 3672 le
883 3618 958 3692 sie'ge
969 3617 1005 3674 de
1018 3619 1118 3677 Rouen

90 3692 198 3787 ³7⁴5·
210 3707 277 3761 d’ou
289 3706 309 3761 il
326 3705 404 3761 fallet
420 3705 447 3760 le
461 3705 570 3759 chasser
584 3703 739 3777 &galement
750 3722 810 3759 vers
824 3703 889 3780 754,
907 3722 943 3760 cn
954 3705 995 3762 tui
1008 3707 1120 3764 inissent

92 3821 108 3857 r
120 3800 227 3855 charite
235 3796 368 3871 quelques
382 3795 523 3850 domaines
536 3812 608 3868 pour
620 3793 749 3848 subvenir
761 3795 777 3848 a
789 3812 830 3849 ses
842 3795 960 3851 besoins.

91 3896 134 3963 (a)
147 3892 230 3954 ,Saint
242 3889 338 3955 Remi,
354 3907 404 3955 on,
420 3904 527 3942 comme
540 3903 576 3940 on
586 3885 620 3941 lit
628 3884 696 3939 dans
705 3903 733 3939 sa
745 3887 928 3960 conscription
938 3891 953 3941 a
962 3888 987 3942 la
1000 3891 1119 3945 reunion

90 3979 211 4052 attigui:
226 3976 387 4044 Remedius‚
401 3978 468 4032 etait
478 3994 513 4029 en
522 3974 586 4029 effet
598 3973 639 4027 fiis
652 3973 687 4028 de
699 3974 814 4029 Charles
827 3975 925 4030 Marte!
935 3975 1119 4052 (755·19jan·

90 4086 117 4123 er
148 4069 201 4140 72).

94 4085 342 4228 (Siwidohicus,
356 4154 425 4209 abbe
438 4154 471 4208 de
486 4152 644 4208 Fontenelle
659 4150 778 4226 (753-14
790 4152 946 4225 septembre
959 4153 1031 4229 787).

135 4275 176 4322 11.
930 4251 974 4318 23
