2910 4980
175 397 349 472 077·1078]
511 392 628 454 77777
648 389 831 469 Qururns.
1138 394 1194 458 777
1256 384 1265 402 ·

172 516 260 591 erius
283 513 426 587 Ricardi
443 511 487 586 de
506 512 691 586 Benefacta
709 511 802 583 filius
824 511 904 608 (1),
931 506 1133 587 Rodbertus
1155 515 1200 590 de

172 629 322 706 lolbraio
347 629 401 726 (2)
432 644 468 702 et
489 627 701 703 Gnillelmus
723 626 768 701 de
786 625 934 698 Molinis
952 627 1028 724 (ὅ),
1048 626 1201 705 Guillel-

172 745 286 821 ius'de
302 744 458 843 Ruperia
475 745 550 842 (4),
574 743 706 842 aliique
722 741 841 838 plures
862 742 1096 841 generositate
1118 747 1202 844 pol-

172 878 271 950 ntes,
289 861 435 934 militari
451 860 631 959 probitate
648 858 820 958 insignes,
839 857 1005 957 superbia
1018 859 1203 958 immanes,

172 980 288 1054 7717777
309 978 499 1052 contrariis
521 973 683 1051 hostibus
704 974 905 1064 terribiles,
929 1001 968 1048 ac
988 976 1033 1049 ad
1053 979 1205 1054 arduum

172 1094 247 1171 7177
264 1094 507 1168 inchoandum
522 1094 630 1165 nimis
647 1118 827 1192 procaces.
848 1094 988 1166 Horum
1005 1097 1206 1173 contuber-

173 1212 212 1285 io
222 1208 429 1284 Rodbertus
443 1209 515 1281 tiro
530 1209 706 1282 inutiliter
719 1208 868 1307 stipatus
880 1225 951 1296 est,
966 1225 1003 1281 et
1015 1227 1132 1285 extera
1145 1241 1209 1312 per

172 1353 257 1428 agna
266 1327 379 1400 ferme
388 1326 875 1425 quinqueannispervagatus
885 1326 1009 1423 est(5).
1021 1325 1211 1427 Complici-

172 1441 300 1515 ussuis
310 1443 445 1540 patrios
453 1444 528 1540 jam
539 1441 646 1541 gratis
659 1437 789 1513 sundos
803 1456 1040 1529 concesserat,
1054 1442 1209 1541 plurima

172 1555 533 1658 uoquepatrimoniis
544 1581 670 1629 eorum
681 1570 869 1654 augmenta
881 1557 1119 1657 nequicquam
1130 1587 1212 1658 pro·

172 1672 309 1747 7177777.
324 1670 380 1743 1111
397 1668 633 1743 nibilominus
649 1670 750 1741 vanis
763 1668 927 1744 eumdem
938 1670 1212 1769 pollicitationi-

172 1815 221 1863 m
233 1788 461 1875 extulerunt,
476 1803 513 1861 et
529 1788 579 1858 sie
592 1811 665 1858 sese
678 1801 806 1860 mutuo
818 1785 1046 1859 mendacibus
1059 1792 1213 1887 promis-

173 1934 195 1981 7
212 1905 443 1980 exhortantes
459 1905 688 2004 deceperunt.
1002 1979 1006 1984 ,

197 2026 371 2125 Egressus
394 2025 513 2123 itaque
531 2021 735 2095 Rodbertus
758 2020 802 2095 de
825 2022 932 2095 natali
958 2023 1036 2097 solo
1056 2026 1215 2123 primum

172 2139 243 2214 diit
257 2138 452 2211 avunculos
471 2163 553 2210 snos
575 2135 799 2210 Rodbertum
816 2138 1022 2211 Fresionem
1039 2155 1215 2239 satrapam

172 2253 428 2328 lundrensium
437 2309 448 2343 ,
468 2268 504 2326 et
522 2251 687 2326 Udonem
703 2277 914 2351 germanum
931 2255 1004 2351 ejus
1022 2254 1218 2355 archiprae-
1263 2249 1267 2256 ⁸

172 2370 272 2446 ulem
289 2371 562 2444 Treverensium
576 2369 642 2466 (6).
660 2367 796 2441 Deinde
813 2366 951 2441 nobiles
966 2370 1054 2442 alios
1072 2373 1219 2471 expetiit

172 2500 329 2587 agnatos
345 2482 470 2571 duces,
490 2485 710 2583 comitesque
732 2499 769 2556 et
789 2496 953 2582 potentes
969 2484 1166 2584 oppidanos
1181 2488 1220 2558 in

172 2598 389 2699 otbaringia
398 2653 409 2688 ,
424 2598 655 2685 Alemannis,
670 2598 861 2698 Aquitania
875 2613 912 2670 et
922 2600 1131 2673 Wasconia.
1148 2602 1222 2674 lllis

175 2717 335 2793 imirum
349 2743 426 2789 suas
437 2715 597 2816 querelas
611 2714 854 2815 deprompsit,
871 2715 908 2787 in
924 2717 1055 2816 quibus
1069 2719 1154 2791 salsa
1166 2747 1224 2793 77-

185 2965 235 3037 (7)
251 2962 347 3037 Roger
356 2963 391 3018 de
402 2962 545 3030 1117717177,
559 2963 609 3037 qui
618 2971 697 3035 requt
705 2980 755 3035 par
766 2960 792 3016 la
802 2961 874 3017 suite
883 2960 908 3016 le
919 2963 1053 3019 Hommet
1064 2982 1101 3019 en
1113 2965 1227 3021 dedom-

172 3063 321 3128 ugement
333 3052 368 3107 de
380 3052 511 3106 Brionne.

188 3158 237 3231 (a)
253 3154 362 3211 Robert
368 3155 409 3210 de
418 3155 573 3224 Montbrai,
590 3172 677 3210 77777
686 3153 722 3208 (17
731 3152 872 3220 67011701,
886 3153 1034 3228 77177717
1045 3154 1208 3212 Contames.

190 3256 238 3333 (5)
254 3257 415 3316 Guillanme
427 3258 462 3313 de
477 3256 791 3315 Moulins-la·lllarcbe.

191 3349 238 3424 (k)
254 3348 416 3405 Guillaurne
425 3348 461 3403 de
470 3348 624 3422 Rupierre‚
636 3349 699 3421 pres
710 3345 1229 3419 (3777777777.(177777077737710777

183 3438 316 3511 l‘nbbaye
327 3437 362 3493 de
373 3439 482 3494 Troarn
493 3436 597 3510 l’eglise
610 3437 645 3492 de
658 3434 831 3492 Frenouville
844 3435 1047 3506 (Furnovr'lla).

194 3527 242 3604 (5)
259 3528 347 3584 Nous
361 3538 459 3583 auteur
470 3526 591 3582 70710771
604 3527 640 3581 171
649 3524 675 3581 la
685 3525 823 3599 premiere
833 3524 998 3597 emigration
1008 3523 1043 3580 de
1052 3523 1158 3580 Robert
1167 3545 1230 3582 7777

172 3636 187 3672 ι
201 3614 340 3682 seconde,
355 3617 370 3669 'a
383 3613 500 3689 laquelle
514 3613 667 3669 seulement
684 3623 804 3686 peuvent
820 3610 987 3686 s’appliquer
1004 3612 1043 3667 les
1055 3613 1120 3687 cinq
1132 3616 1232 3669 777777

171 3706 239 3762 1077
250 3703 271 3759 11
285 3702 370 3777 parle.

197 3794 243 3867 (6)
261 3793 367 3862 Endos,
383 3794 553 3867 archeveque
570 3792 605 3847 de
618 3792 720 3846 Treves
738 3789 934 3866 (70677079),
949 3790 1017 3844 77717
1028 3806 1063 3843 77
1082 3789 1145 3845 71177
1161 3791 1234 3848 frere

172 3882 202 3940 le
214 3881 474 3937 Robert·le·Frison
485 3892 513 3936 77
525 3880 560 3935 de
572 3881 598 3935 la
615 3881 692 3935 reine
704 3878 857 3947 blathilde,
871 3879 979 3932 suivant
990 3877 1029 3932 les
1038 3877 1235 3952 genealogistes

172 3971 305 4045 barmim
315 3971 384 4026 mais
392 3971 413 4026 il
425 3971 514 4046 paralt
530 3981 657 4026 constant
672 3987 727 4044 que
738 3970 810 4024 ‘c'est
822 3987 878 4024 nne
889 3984 969 4042 grave
978 3985 1084 4035 erreur,
1097 3979 1192 4043 etque
1205 3991 1236 4025 ce

172 4060 277 4132 777177,
298 4059 339 4115 fils
359 4048 540 4126 d'llverhard,
563 4070 653 4115 707777
672 4059 707 4114 717
725 4058 923 4131 Nellembourg
944 4077 978 4113 77
999 4057 1118 4127 Souabe,
1138 4061 1237 4116 n’arait

174 4153 236 4207 rien
250 4150 286 4205 de
302 4169 433 4206 commun
445 4169 508 4206 7777
519 4150 545 4204 17
558 4151 662 4206 maison
677 4149 711 4204 de
727 4148 853 4204 Flantlre.
