<?xml version="1.0" encoding="UTF-8"?>
<!DOCTYPE html PUBLIC "-//W3C//DTD XHTML 1.0 Transitional//EN"
    "http://www.w3.org/TR/xhtml1/DTD/xhtml1-transitional.dtd">
<html xmlns="http://www.w3.org/1999/xhtml" xml:lang="en" lang="en">
 <head>
  <title>
</title>
<meta http-equiv="Content-Type" content="text/html;charset=utf-8" />
  <meta name='ocr-system' content='tesseract 3.04.00' />
  <meta name='ocr-capabilities' content='ocr_page ocr_carea ocr_par ocr_line ocrx_word'/>
</head>
<body>
  <div class='ocr_page' id='page_1' title='image "./ordericivitalis01deligoog/ordericivitalis01deligoog_0310.png"; bbox 0 0 2910 4980; ppageno 0'>
   <div class='ocr_carea' id='block_1_1' title="bbox 174 393 1222 475">
    <p class='ocr_par' dir='ltr' id='par_1_1' title="bbox 174 393 1222 475">
     <span class='ocr_line' id='line_1_1' title="bbox 174 393 1222 475; baseline -0.005 -16"><span class='ocrx_word' id='word_1_1' title='bbox 174 399 254 459; x_wconf 79' lang='lat'><strong>1⁰78</strong></span> <span class='ocrx_word' id='word_1_2' title='bbox 262 398 286 475; x_wconf 68' lang='lat' dir='ltr'>a]</span> <span class='ocrx_word' id='word_1_3' title='bbox 520 394 637 456; x_wconf 79' lang='lat' dir='ltr'>tinen</span> <span class='ocrx_word' id='word_1_4' title='bbox 657 393 850 469; x_wconf 77' lang='lat' dir='ltr'>orturus.</span> <span class='ocrx_word' id='word_1_5' title='bbox 1161 396 1222 456; x_wconf 77' lang='lat' dir='ltr'>aar</span> 
     </span>
    </p>
   </div>
   <div class='ocr_carea' id='block_1_2' title="bbox 172 512 1326 3656">
    <p class='ocr_par' dir='ltr' id='par_1_2' title="bbox 172 512 1326 1763">
     <span class='ocr_line' id='line_1_2' title="bbox 172 512 1220 613; baseline -0.006 -22"><span class='ocrx_word' id='word_1_6' title='bbox 172 514 511 603; x_wconf 61' lang='lat' dir='ltr'>dovumcastellum,</span> <span class='ocrx_word' id='word_1_7' title='bbox 537 515 727 587; x_wconf 80' lang='lat' dir='ltr'>Raimalast</span> <span class='ocrx_word' id='word_1_8' title='bbox 743 516 800 612; x_wconf 83' lang='grc' dir='ltr'>(ι)</span> <span class='ocrx_word' id='word_1_9' title='bbox 823 530 931 613; x_wconf 86' lang='lat' dir='ltr'>atque</span> <span class='ocrx_word' id='word_1_10' title='bbox 954 512 1133 586; x_wconf 87' lang='lat' dir='ltr'>Sorellum</span> <span class='ocrx_word' id='word_1_11' title='bbox 1150 514 1220 610; x_wconf 84' lang='lat' dir='ltr'>(a),</span> 
     </span>
     <span class='ocr_line' id='line_1_3' title="bbox 172 630 1223 736; baseline -0.001 -29"><span class='ocrx_word' id='word_1_12' title='bbox 172 632 299 736; x_wconf 81' lang='lat' dir='ltr'>dinque</span> <span class='ocrx_word' id='word_1_13' title='bbox 310 633 506 732; x_wconf 89' lang='lat' dir='ltr'>municipia</span> <span class='ocrx_word' id='word_1_14' title='bbox 519 634 579 705; x_wconf 84' lang='lat' dir='ltr'>sua</span> <span class='ocrx_word' id='word_1_15' title='bbox 597 659 664 733; x_wconf 89' lang='lat' dir='ltr'>pro</span> <span class='ocrx_word' id='word_1_16' title='bbox 680 630 928 733; x_wconf 88' lang='lat' dir='ltr'>depopulanda</span> <span class='ocrx_word' id='word_1_17' title='bbox 943 630 1108 705; x_wconf 90' lang='lat' dir='ltr'>Neustria</span> <span class='ocrx_word' id='word_1_18' title='bbox 1125 647 1223 731; x_wconf 88' lang='lat' dir='ltr'>pate-</span> 
     </span>
     <span class='ocr_line' id='line_1_4' title="bbox 172 747 1224 850; baseline -0.005 -25"><span class='ocrx_word' id='word_1_19' title='bbox 172 750 259 825; x_wconf 71' lang='lat' dir='ltr'>’ecit</span> <span class='ocrx_word' id='word_1_20' title='bbox 272 750 362 822; x_wconf 84' lang='lat' dir='ltr'>Erat</span> <span class='ocrx_word' id='word_1_21' title='bbox 377 751 474 824; x_wconf 89' lang='lat' dir='ltr'>enim</span> <span class='ocrx_word' id='word_1_22' title='bbox 489 775 600 850; x_wconf 89' lang='lat' dir='ltr'>gener</span> <span class='ocrx_word' id='word_1_23' title='bbox 611 749 756 850; x_wconf 85' lang='lat' dir='ltr'>Rogerii</span> <span class='ocrx_word' id='word_1_24' title='bbox 771 750 931 837; x_wconf 84' lang='lat' dir='ltr'>comitis,</span> <span class='ocrx_word' id='word_1_25' title='bbox 952 747 1085 822; x_wconf 84' lang='lat' dir='ltr'>babens</span> <span class='ocrx_word' id='word_1_26' title='bbox 1098 750 1137 821; x_wconf 93' lang='lat' dir='ltr'>in</span> <span class='ocrx_word' id='word_1_27' title='bbox 1150 776 1224 821; x_wconf 85' lang='lat' dir='ltr'>ma-</span> 
     </span>
     <span class='ocr_line' id='line_1_5' title="bbox 172 864 1223 965; baseline -0.003 -24"><span class='ocrx_word' id='word_1_28' title='bbox 172 868 336 943; x_wconf 69' lang='lat' dir='ltr'>rimonio</span> <span class='ocrx_word' id='word_1_29' title='bbox 349 865 531 940; x_wconf 89' lang='lat' dir='ltr'>Mabiliam</span> <span class='ocrx_word' id='word_1_30' title='bbox 550 868 607 965; x_wconf 81' lang='lat'>(3)</span> <span class='ocrx_word' id='word_1_31' title='bbox 622 891 784 942; x_wconf 82' lang='lat' dir='ltr'>sororem</span> <span class='ocrx_word' id='word_1_32' title='bbox 800 864 951 940; x_wconf 85' lang='lat' dir='ltr'>Roberti</span> <span class='ocrx_word' id='word_1_33' title='bbox 968 865 1201 940; x_wconf 86' lang='lat' dir='ltr'>Belesmensis</span> <span class='ocrx_word' id='word_1_34' title='bbox 1210 920 1223 958; x_wconf 91' lang='lat'>,</span> 
     </span>
     <span class='ocr_line' id='line_1_6' title="bbox 172 981 1225 1085; baseline -0.002 -29"><span class='ocrx_word' id='word_1_35' title='bbox 172 982 226 1085; x_wconf 80' lang='lat' dir='ltr'>pai</span> <span class='ocrx_word' id='word_1_36' title='bbox 238 985 333 1085; x_wconf 80' lang='lat' dir='ltr'>regis</span> <span class='ocrx_word' id='word_1_37' title='bbox 348 981 465 1055; x_wconf 86' lang='lat' dir='ltr'>filium</span> <span class='ocrx_word' id='word_1_38' title='bbox 482 998 623 1056; x_wconf 87' lang='lat' dir='ltr'>secutus</span> <span class='ocrx_word' id='word_1_39' title='bbox 637 981 756 1057; x_wconf 84' lang='lat' dir='ltr'>fuerat</span> <span class='ocrx_word' id='word_1_40' title='bbox 772 1008 855 1055; x_wconf 91' lang='lat' dir='ltr'>cum</span> <span class='ocrx_word' id='word_1_41' title='bbox 872 982 1060 1082; x_wconf 85' lang='lat' dir='ltr'>Radulpho</span> <span class='ocrx_word' id='word_1_42' title='bbox 1071 982 1115 1056; x_wconf 91' lang='lat' dir='ltr'>de</span> <span class='ocrx_word' id='word_1_43' title='bbox 1129 983 1225 1057; x_wconf 89' lang='lat' dir='ltr'>Con·</span> 
     </span>
     <span class='ocr_line' id='line_1_7' title="bbox 172 1098 1225 1209; baseline -0.002 -35"><span class='ocrx_word' id='word_1_44' title='bbox 172 1100 260 1189; x_wconf 69' lang='lat' dir='ltr'>rtis,</span> <span class='ocrx_word' id='word_1_45' title='bbox 278 1099 428 1209; x_wconf 73' lang='lat' dir='ltr'>aliisque</span> <span class='ocrx_word' id='word_1_46' title='bbox 441 1098 620 1199; x_wconf 85' lang='lat' dir='ltr'><strong>plurimis.</strong></span> <span class='ocrx_word' id='word_1_47' title='bbox 644 1101 759 1173; x_wconf 82' lang='lat' dir='ltr'>Pravo</span> <span class='ocrx_word' id='word_1_48' title='bbox 772 1099 907 1199; x_wconf 84' lang='lat' dir='ltr'>quippe</span> <span class='ocrx_word' id='word_1_49' title='bbox 923 1123 1010 1171; x_wconf 85' lang='lat' dir='ltr'>ausu</span> <span class='ocrx_word' id='word_1_50' title='bbox 1027 1098 1225 1173; x_wconf 81' lang='lat' dir='ltr'>desertores</span> 
     </span>
     <span class='ocr_line' id='line_1_8' title="bbox 172 1220 1326 1324; baseline -0.004 -25"><span class='ocrx_word' id='word_1_51' title='bbox 172 1220 395 1324; x_wconf 77' lang='lat' dir='ltr'>[deusubite</span> <span class='ocrx_word' id='word_1_52' title='bbox 412 1221 556 1320; x_wconf 76' lang='lat' dir='ltr'>nefasi)</span> <span class='ocrx_word' id='word_1_53' title='bbox 574 1223 690 1296; x_wconf 84' lang='lat' dir='ltr'>exorsi</span> <span class='ocrx_word' id='word_1_54' title='bbox 709 1238 811 1312; x_wconf 86' lang='lat' dir='ltr'>sunt,</span> <span class='ocrx_word' id='word_1_55' title='bbox 830 1239 866 1296; x_wconf 92' lang='lat' dir='ltr'>et</span> <span class='ocrx_word' id='word_1_56' title='bbox 883 1220 1012 1323; x_wconf 89' lang='lat' dir='ltr'>oppida</span> <span class='ocrx_word' id='word_1_57' title='bbox 1030 1220 1228 1320; x_wconf 69' lang='lat' dir='ltr'>divitesque</span> <span class='ocrx_word' id='word_1_58' title='bbox 1321 1223 1326 1230; x_wconf 76' lang='grc'><strong>”</strong></span> 
     </span>
     <span class='ocr_line' id='line_1_9' title="bbox 172 1330 1229 1438; baseline -0.006 -26"><span class='ocrx_word' id='word_1_59' title='bbox 172 1330 298 1412; x_wconf 78' lang='lat' dir='ltr'>bindos</span> <span class='ocrx_word' id='word_1_60' title='bbox 313 1362 381 1437; x_wconf 89' lang='lat' dir='ltr'>pro</span> <span class='ocrx_word' id='word_1_61' title='bbox 397 1338 493 1410; x_wconf 86' lang='lat' dir='ltr'>inani</span> <span class='ocrx_word' id='word_1_62' title='bbox 510 1364 571 1437; x_wconf 88' lang='lat' dir='ltr'>spe</span> <span class='ocrx_word' id='word_1_63' title='bbox 584 1352 621 1411; x_wconf 91' lang='lat' dir='ltr'>et</span> <span class='ocrx_word' id='word_1_64' title='bbox 636 1337 819 1438; x_wconf 73' lang='lat' dir='ltr'>promissis</span> <span class='ocrx_word' id='word_1_65' title='bbox 832 1334 1133 1437; x_wconf 85' lang='lat' dir='ltr'>floccipendendis</span> <span class='ocrx_word' id='word_1_66' title='bbox 1147 1336 1229 1408; x_wconf 87' lang='lat' dir='ltr'>reli-</span> 
     </span>
     <span class='ocr_line' id='line_1_10' title="bbox 172 1452 1227 1557; baseline -0.003 -29"><span class='ocrx_word' id='word_1_67' title='bbox 172 1457 425 1557; x_wconf 64' lang='lat' dir='ltr'>queruntliex</span> <span class='ocrx_word' id='word_1_68' title='bbox 444 1471 564 1530; x_wconf 87' lang='lat' dir='ltr'>autem</span> <span class='ocrx_word' id='word_1_69' title='bbox 583 1471 695 1529; x_wconf 86' lang='lat' dir='ltr'>terras</span> <span class='ocrx_word' id='word_1_70' title='bbox 717 1481 844 1551; x_wconf 80' lang='lat' dir='ltr'>eorum</span> <span class='ocrx_word' id='word_1_71' title='bbox 860 1480 971 1527; x_wconf 89' lang='lat' dir='ltr'>manu</span> <span class='ocrx_word' id='word_1_72' title='bbox 992 1454 1139 1554; x_wconf 86' lang='lat' dir='ltr'>propria</span> <span class='ocrx_word' id='word_1_73' title='bbox 1159 1452 1227 1526; x_wconf 91' lang='lat' dir='ltr'>sibi</span> 
     </span>
     <span class='ocr_line' id='line_1_11' title="bbox 172 1569 1229 1675; baseline -0.003 -30"><span class='ocrx_word' id='word_1_74' title='bbox 172 1572 322 1675; x_wconf 69' lang='lat' dir='ltr'>subegit,</span> <span class='ocrx_word' id='word_1_75' title='bbox 337 1590 373 1647; x_wconf 90' lang='lat' dir='ltr'>et</span> <span class='ocrx_word' id='word_1_76' title='bbox 387 1573 431 1646; x_wconf 90' lang='lat' dir='ltr'>de</span> <span class='ocrx_word' id='word_1_77' title='bbox 446 1570 645 1646; x_wconf 83' lang='lat' dir='ltr'>redditibus</span> <span class='ocrx_word' id='word_1_78' title='bbox 654 1597 781 1646; x_wconf 89' lang='lat' dir='ltr'>eorum</span> <span class='ocrx_word' id='word_1_79' title='bbox 792 1569 1044 1671; x_wconf 85' lang='lat' dir='ltr'>stipendiarios</span> <span class='ocrx_word' id='word_1_80' title='bbox 1054 1570 1229 1643; x_wconf 85' lang='lat' dir='ltr'>dimican-</span> 
     </span>
     <span class='ocr_line' id='line_1_12' title="bbox 172 1686 789 1763; baseline -0.008 0"><span class='ocrx_word' id='word_1_81' title='bbox 172 1704 224 1762; x_wconf 66' lang='grc' dir='ltr'>ιιι</span> <span class='ocrx_word' id='word_1_82' title='bbox 234 1703 359 1763; x_wconf 86' lang='lat' dir='ltr'>contra</span> <span class='ocrx_word' id='word_1_83' title='bbox 372 1686 515 1761; x_wconf 88' lang='lat' dir='ltr'>eosdem</span> <span class='ocrx_word' id='word_1_84' title='bbox 532 1688 789 1761; x_wconf 84' lang='lat' dir='ltr'>remuneravit.</span> 
     </span>
    </p>

    <p class='ocr_par' dir='ltr' id='par_1_3' title="bbox 172 1802 1320 3656">
     <span class='ocr_line' id='line_1_13' title="bbox 215 1802 1230 1903; baseline -0.005 -26"><span class='ocrx_word' id='word_1_85' title='bbox 215 1804 281 1877; x_wconf 73' lang='lat' dir='ltr'>nis</span> <span class='ocrx_word' id='word_1_86' title='bbox 296 1803 521 1881; x_wconf 88' lang='lat' dir='ltr'>motionibus</span> <span class='ocrx_word' id='word_1_87' title='bbox 543 1805 670 1879; x_wconf 84' lang='lat' dir='ltr'>incolae</span> <span class='ocrx_word' id='word_1_88' title='bbox 688 1820 725 1878; x_wconf 88' lang='lat' dir='ltr'>et</span> <span class='ocrx_word' id='word_1_89' title='bbox 746 1805 855 1876; x_wconf 91' lang='lat' dir='ltr'>vicini</span> <span class='ocrx_word' id='word_1_90' title='bbox 875 1802 1086 1877; x_wconf 74' lang='lat' dir='ltr'>terribiliter</span> <span class='ocrx_word' id='word_1_91' title='bbox 1108 1802 1230 1903; x_wconf 84' lang='lat' dir='ltr'>agitati</span> 
     </span>
     <span class='ocr_line' id='line_1_14' title="bbox 172 1917 1232 2020; baseline -0.004 -28"><span class='ocrx_word' id='word_1_92' title='bbox 172 1934 272 2010; x_wconf 79' lang='lat' dir='ltr'>tunt,</span> <span class='ocrx_word' id='word_1_93' title='bbox 289 1934 326 1993; x_wconf 88' lang='lat' dir='ltr'>et</span> <span class='ocrx_word' id='word_1_94' title='bbox 342 1947 440 1992; x_wconf 84' lang='lat' dir='ltr'>arma</span> <span class='ocrx_word' id='word_1_95' title='bbox 453 1921 581 2018; x_wconf 90' lang='lat' dir='ltr'>passim</span> <span class='ocrx_word' id='word_1_96' title='bbox 595 1934 721 1994; x_wconf 87' lang='lat' dir='ltr'>contra</span> <span class='ocrx_word' id='word_1_97' title='bbox 738 1947 858 2020; x_wconf 89' lang='lat' dir='ltr'>regem</span> <span class='ocrx_word' id='word_1_98' title='bbox 874 1919 930 1992; x_wconf 88' lang='lat' dir='ltr'>vel</span> <span class='ocrx_word' id='word_1_99' title='bbox 948 1945 1017 2019; x_wconf 91' lang='lat' dir='ltr'>pro</span> <span class='ocrx_word' id='word_1_100' title='bbox 1036 1944 1119 2018; x_wconf 89' lang='lat' dir='ltr'>rege</span> <span class='ocrx_word' id='word_1_101' title='bbox 1137 1917 1232 1992; x_wconf 88' lang='lat' dir='ltr'>leva-</span> 
     </span>
     <span class='ocr_line' id='line_1_15' title="bbox 172 2034 1308 2145; baseline -0.004 -34"><span class='ocrx_word' id='word_1_102' title='bbox 172 2053 312 2113; x_wconf 79' lang='lat' dir='ltr'>verunt.</span> <span class='ocrx_word' id='word_1_103' title='bbox 335 2037 426 2111; x_wconf 89' lang='lat' dir='ltr'>Galli</span> <span class='ocrx_word' id='word_1_104' title='bbox 446 2054 483 2112; x_wconf 90' lang='lat' dir='ltr'>et</span> <span class='ocrx_word' id='word_1_105' title='bbox 500 2039 684 2128; x_wconf 88' lang='lat' dir='ltr'>Britones,</span> <span class='ocrx_word' id='word_1_106' title='bbox 703 2038 926 2112; x_wconf 75' lang='lat' dir='ltr'>cenomanni</span> <span class='ocrx_word' id='word_1_107' title='bbox 948 2054 986 2111; x_wconf 89' lang='lat' dir='ltr'>et</span> <span class='ocrx_word' id='word_1_108' title='bbox 1001 2034 1232 2137; x_wconf 72' lang='lat' dir='ltr'>andegaven·</span> <span class='ocrx_word' id='word_1_109' title='bbox 1300 2130 1308 2145; x_wconf 89' lang='lat'>.</span> 
     </span>
     <span class='ocr_line' id='line_1_16' title="bbox 172 2154 1231 2257; baseline -0.008 -27"><span class='ocrx_word' id='word_1_110' title='bbox 172 2180 239 2244; x_wconf 79' lang='lat' dir='ltr'>tes,</span> <span class='ocrx_word' id='word_1_111' title='bbox 258 2154 390 2257; x_wconf 82' lang='lat' dir='ltr'>aliique</span> <span class='ocrx_word' id='word_1_112' title='bbox 410 2156 534 2256; x_wconf 86' lang='lat' dir='ltr'>populi</span> <span class='ocrx_word' id='word_1_113' title='bbox 549 2154 792 2247; x_wconf 82' lang='lat' dir='ltr'>fluctuabant,</span> <span class='ocrx_word' id='word_1_114' title='bbox 807 2171 842 2228; x_wconf 86' lang='lat' dir='ltr'>et</span> <span class='ocrx_word' id='word_1_115' title='bbox 858 2180 966 2254; x_wconf 90' lang='lat' dir='ltr'>quem</span> <span class='ocrx_word' id='word_1_116' title='bbox 982 2154 1113 2227; x_wconf 87' lang='lat' dir='ltr'>merito</span> <span class='ocrx_word' id='word_1_117' title='bbox 1131 2154 1231 2252; x_wconf 89' lang='lat' dir='ltr'>sequi</span> 
     </span>
     <span class='ocr_line' id='line_1_17' title="bbox 172 2266 1232 2373; baseline -0.007 -26"><span class='ocrx_word' id='word_1_118' title='bbox 172 2266 339 2347; x_wconf 72' lang='lat' dir='ltr'>deberem</span> <span class='ocrx_word' id='word_1_119' title='bbox 356 2270 583 2373; x_wconf 79' lang='lat' dir='ltr'>ignorabant.</span> <span class='ocrx_word' id='word_1_120' title='bbox 604 2271 711 2346; x_wconf 85' lang='lat' dir='ltr'>Bellis</span> <span class='ocrx_word' id='word_1_121' title='bbox 729 2272 849 2373; x_wconf 89' lang='lat' dir='ltr'>itaque</span> <span class='ocrx_word' id='word_1_122' title='bbox 865 2272 996 2371; x_wconf 84' lang='lat' dir='ltr'>passim</span> <span class='ocrx_word' id='word_1_123' title='bbox 1015 2271 1232 2370; x_wconf 85' lang='lat' dir='ltr'>insurgenti-</span> 
     </span>
     <span class='ocr_line' id='line_1_18' title="bbox 172 2388 1234 2491; baseline -0.001 -28"><span class='ocrx_word' id='word_1_124' title='bbox 172 2389 236 2463; x_wconf 86' lang='lat' dir='ltr'>bus</span> <span class='ocrx_word' id='word_1_125' title='bbox 255 2391 422 2465; x_wconf 83' lang='lat' dir='ltr'>cordatus</span> <span class='ocrx_word' id='word_1_126' title='bbox 444 2416 509 2464; x_wconf 86' lang='lat' dir='ltr'>rex</span> <span class='ocrx_word' id='word_1_127' title='bbox 529 2391 726 2464; x_wconf 83' lang='lat' dir='ltr'>exereitum</span> <span class='ocrx_word' id='word_1_128' title='bbox 746 2391 969 2491; x_wconf 78' lang='lat' dir='ltr'>aggregavit,</span> <span class='ocrx_word' id='word_1_129' title='bbox 995 2404 1032 2463; x_wconf 87' lang='lat' dir='ltr'>et</span> <span class='ocrx_word' id='word_1_130' title='bbox 1055 2390 1093 2462; x_wconf 92' lang='lat' dir='ltr'>in</span> <span class='ocrx_word' id='word_1_131' title='bbox 1116 2388 1234 2462; x_wconf 87' lang='lat' dir='ltr'>hostes</span> 
     </span>
     <span class='ocr_line' id='line_1_19' title="bbox 172 2501 1234 2609; baseline -0.005 -28"><span class='ocrx_word' id='word_1_132' title='bbox 172 2508 333 2609; x_wconf 75' lang='lat' dir='ltr'>pergens,</span> <span class='ocrx_word' id='word_1_133' title='bbox 350 2535 433 2580; x_wconf 91' lang='lat' dir='ltr'>cum</span> <span class='ocrx_word' id='word_1_134' title='bbox 444 2508 889 2582; x_wconf 86' lang='lat' dir='ltr'>RotroneMauritaniensi</span> <span class='ocrx_word' id='word_1_135' title='bbox 900 2507 953 2606; x_wconf 79' lang='grc'>(4)</span> <span class='ocrx_word' id='word_1_136' title='bbox 967 2507 1100 2582; x_wconf 90' lang='lat' dir='ltr'>comite</span> <span class='ocrx_word' id='word_1_137' title='bbox 1110 2501 1234 2605; x_wconf 86' lang='lat' dir='ltr'>pacem</span> 
     </span>
     <span class='ocr_line' id='line_1_20' title="bbox 172 2620 1232 2711; baseline -0.006 -13"><span class='ocrx_word' id='word_1_138' title='bbox 172 2620 269 2698; x_wconf 74' lang='lat' dir='ltr'>fecit.</span> <span class='ocrx_word' id='word_1_139' title='bbox 288 2624 356 2696; x_wconf 86' lang='lat' dir='ltr'>Hic</span> <span class='ocrx_word' id='word_1_140' title='bbox 375 2624 566 2711; x_wconf 89' lang='lat' dir='ltr'>nimirum,</span> <span class='ocrx_word' id='word_1_141' title='bbox 583 2623 670 2694; x_wconf 90' lang='lat' dir='ltr'>dum</span> <span class='ocrx_word' id='word_1_142' title='bbox 687 2638 799 2696; x_wconf 88' lang='lat' dir='ltr'>terras</span> <span class='ocrx_word' id='word_1_143' title='bbox 813 2622 1043 2695; x_wconf 79' lang='lat' dir='ltr'>carnotensis</span> <span class='ocrx_word' id='word_1_144' title='bbox 1057 2620 1232 2708; x_wconf 82' lang='lat' dir='ltr'>ecclesiae,</span> 
     </span>
     <span class='ocr_line' id='line_1_21' title="bbox 172 2737 1235 2839; baseline -0.004 -26"><span class='ocrx_word' id='word_1_145' title='bbox 172 2762 253 2839; x_wconf 61' lang='grc' dir='ltr'>φη</span> <span class='ocrx_word' id='word_1_146' title='bbox 263 2753 449 2839; x_wconf 86' lang='lat' dir='ltr'>perpetuae</span> <span class='ocrx_word' id='word_1_147' title='bbox 465 2739 607 2839; x_wconf 86' lang='lat' dir='ltr'>Virgini</span> <span class='ocrx_word' id='word_1_148' title='bbox 625 2739 748 2812; x_wconf 87' lang='lat' dir='ltr'>Mariae</span> <span class='ocrx_word' id='word_1_149' title='bbox 763 2737 921 2811; x_wconf 87' lang='lat' dir='ltr'>dedicata</span> <span class='ocrx_word' id='word_1_150' title='bbox 935 2754 988 2811; x_wconf 87' lang='lat' dir='ltr'>est</span> <span class='ocrx_word' id='word_1_151' title='bbox 995 2791 1005 2824; x_wconf 98' lang='lat'>,</span> <span class='ocrx_word' id='word_1_152' title='bbox 1020 2738 1235 2836; x_wconf 88' lang='lat' dir='ltr'>plerumque</span> 
     </span>
     <span class='ocr_line' id='line_1_22' title="bbox 172 2853 1235 2956; baseline 0 -30"><span class='ocrx_word' id='word_1_153' title='bbox 172 2855 403 2955; x_wconf 69' lang='lat' dir='ltr'>praedaretur,</span> <span class='ocrx_word' id='word_1_154' title='bbox 421 2870 458 2927; x_wconf 88' lang='lat' dir='ltr'>et</span> <span class='ocrx_word' id='word_1_155' title='bbox 478 2853 524 2928; x_wconf 83' lang='lat' dir='ltr'>ab</span> <span class='ocrx_word' id='word_1_156' title='bbox 544 2855 712 2954; x_wconf 89' lang='lat' dir='ltr'>episcopo</span> <span class='ocrx_word' id='word_1_157' title='bbox 734 2881 817 2927; x_wconf 90' lang='lat' dir='ltr'>cum</span> <span class='ocrx_word' id='word_1_158' title='bbox 839 2855 937 2929; x_wconf 86' lang='lat' dir='ltr'>clero</span> <span class='ocrx_word' id='word_1_159' title='bbox 957 2854 1168 2956; x_wconf 83' lang='lat' dir='ltr'>frequenter</span> <span class='ocrx_word' id='word_1_160' title='bbox 1185 2853 1235 2927; x_wconf 91' lang='lat' dir='ltr'>ob</span> 
     </span>
     <span class='ocr_line' id='line_1_23' title="bbox 172 2970 1320 3073; baseline -0.002 -28"><span class='ocrx_word' id='word_1_161' title='bbox 172 2970 241 3046; x_wconf 86' lang='lat' dir='ltr'>boc</span> <span class='ocrx_word' id='word_1_162' title='bbox 262 2971 551 3073; x_wconf 78' lang='lat' dir='ltr'>redargueretur,</span> <span class='ocrx_word' id='word_1_163' title='bbox 574 2988 610 3045; x_wconf 90' lang='lat' dir='ltr'>et</span> <span class='ocrx_word' id='word_1_164' title='bbox 637 2970 894 3071; x_wconf 85' lang='lat' dir='ltr'>incorrigibilis</span> <span class='ocrx_word' id='word_1_165' title='bbox 918 2997 1148 3072; x_wconf 85' lang='lat' dir='ltr'>perseverans</span> <span class='ocrx_word' id='word_1_166' title='bbox 1171 2998 1237 3045; x_wconf 84' lang='lat' dir='ltr'>ex·</span> <span class='ocrx_word' id='word_1_167' title='bbox 1318 2995 1320 2998; x_wconf 51' lang='lat'><strong><em>⁴</em></strong></span> 
     </span>
     <span class='ocr_line' id='line_1_24' title="bbox 172 3087 1233 3177; baseline -0.006 -13"><span class='ocrx_word' id='word_1_168' title='bbox 172 3091 513 3177; x_wconf 85' lang='lat' dir='ltr'>communicaretur,</span> <span class='ocrx_word' id='word_1_169' title='bbox 540 3089 851 3164; x_wconf 87' lang='lat' dir='ltr'>animadversione</span> <span class='ocrx_word' id='word_1_170' title='bbox 878 3088 998 3162; x_wconf 90' lang='lat' dir='ltr'>divina</span> <span class='ocrx_word' id='word_1_171' title='bbox 1022 3087 1233 3175; x_wconf 85' lang='lat' dir='ltr'>obsurduit,</span> 
     </span>
     <span class='ocr_line' id='line_1_25' title="bbox 172 3204 1235 3307; baseline -0.005 -26"><span class='ocrx_word' id='word_1_172' title='bbox 172 3220 208 3281; x_wconf 83' lang='lat' dir='ltr'>ct</span> <span class='ocrx_word' id='word_1_173' title='bbox 225 3206 277 3281; x_wconf 78' lang='lat' dir='ltr'>sic</span> <span class='ocrx_word' id='word_1_174' title='bbox 292 3207 335 3280; x_wconf 93' lang='lat' dir='ltr'>ad</span> <span class='ocrx_word' id='word_1_175' title='bbox 352 3223 508 3282; x_wconf 81' lang='lat' dir='ltr'>mortem</span> <span class='ocrx_word' id='word_1_176' title='bbox 525 3234 636 3307; x_wconf 88' lang='lat' dir='ltr'>usque</span> <span class='ocrx_word' id='word_1_177' title='bbox 656 3207 784 3281; x_wconf 91' lang='lat' dir='ltr'>surdus</span> <span class='ocrx_word' id='word_1_178' title='bbox 800 3208 1010 3307; x_wconf 89' lang='lat' dir='ltr'>permansit.</span> <span class='ocrx_word' id='word_1_179' title='bbox 1032 3209 1109 3280; x_wconf 85' lang='lat' dir='ltr'>Rex</span> <span class='ocrx_word' id='word_1_180' title='bbox 1127 3204 1235 3288; x_wconf 83' lang='lat' dir='ltr'>Guil-</span> 
     </span>
     <span class='ocr_line' id='line_1_26' title="bbox 172 3318 1237 3423; baseline -0.002 -26"><span class='ocrx_word' id='word_1_181' title='bbox 172 3318 297 3397; x_wconf 79' lang='lat' dir='ltr'>lclmus</span> <span class='ocrx_word' id='word_1_182' title='bbox 321 3320 417 3394; x_wconf 91' lang='lat' dir='ltr'>hunc</span> <span class='ocrx_word' id='word_1_183' title='bbox 438 3326 556 3422; x_wconf 89' lang='lat' dir='ltr'>pretio</span> <span class='ocrx_word' id='word_1_184' title='bbox 577 3323 770 3409; x_wconf 86' lang='lat' dir='ltr'>conduxit,</span> <span class='ocrx_word' id='word_1_185' title='bbox 797 3325 994 3423; x_wconf 83' lang='lat' dir='ltr'>secumque</span> <span class='ocrx_word' id='word_1_186' title='bbox 1012 3321 1056 3394; x_wconf 91' lang='lat' dir='ltr'>ad</span> <span class='ocrx_word' id='word_1_187' title='bbox 1076 3319 1237 3396; x_wconf 87' lang='lat' dir='ltr'>obsidio-</span> 
     </span>
     <span class='ocr_line' id='line_1_27' title="bbox 173 3437 1233 3537; baseline -0.004 -26"><span class='ocrx_word' id='word_1_188' title='bbox 173 3460 275 3524; x_wconf 73' lang='lat' dir='ltr'>nem,</span> <span class='ocrx_word' id='word_1_189' title='bbox 303 3439 385 3537; x_wconf 85' lang='lat' dir='ltr'>quia</span> <span class='ocrx_word' id='word_1_190' title='bbox 414 3438 606 3512; x_wconf 84' lang='lat' dir='ltr'>Raimalast</span> <span class='ocrx_word' id='word_1_191' title='bbox 632 3439 810 3514; x_wconf 83' lang='lat' dir='ltr'>defendo</span> <span class='ocrx_word' id='word_1_192' title='bbox 836 3442 910 3536; x_wconf 88' lang='lat' dir='ltr'>ejus</span> <span class='ocrx_word' id='word_1_193' title='bbox 940 3452 1038 3524; x_wconf 90' lang='lat' dir='ltr'>erat,</span> <span class='ocrx_word' id='word_1_194' title='bbox 1069 3437 1233 3510; x_wconf 88' lang='lat' dir='ltr'>minavit.</span> 
     </span>
     <span class='ocr_line' id='line_1_28' title="bbox 175 3550 1238 3656; baseline 0.001 -31"><span class='ocrx_word' id='word_1_195' title='bbox 175 3550 337 3649; x_wconf 69' lang='lat' dir='ltr'>Quattuor</span> <span class='ocrx_word' id='word_1_196' title='bbox 354 3571 465 3627; x_wconf 87' lang='lat' dir='ltr'>castra</span> <span class='ocrx_word' id='word_1_197' title='bbox 486 3557 523 3627; x_wconf 91' lang='lat' dir='ltr'>in</span> <span class='ocrx_word' id='word_1_198' title='bbox 540 3582 632 3656; x_wconf 85' lang='lat' dir='ltr'>gyro</span> <span class='ocrx_word' id='word_1_199' title='bbox 647 3556 822 3647; x_wconf 85' lang='lat' dir='ltr'>firmavit,</span> <span class='ocrx_word' id='word_1_200' title='bbox 838 3553 958 3655; x_wconf 90' lang='lat' dir='ltr'>ibique</span> <span class='ocrx_word' id='word_1_201' title='bbox 974 3553 1105 3629; x_wconf 90' lang='lat' dir='ltr'>milites</span> <span class='ocrx_word' id='word_1_202' title='bbox 1121 3552 1165 3627; x_wconf 88' lang='lat' dir='ltr'>ad</span> <span class='ocrx_word' id='word_1_203' title='bbox 1183 3581 1238 3627; x_wconf 89' lang='lat' dir='ltr'>ar·</span> 
     </span>
    </p>
   </div>
   <div class='ocr_carea' id='block_1_3' title="bbox 498 3735 598 3742">
    <p class='ocr_par' dir='ltr' id='par_1_4' title="bbox 498 3735 598 3742">
     <span class='ocr_line' id='line_1_29' title="bbox 498 3735 598 3742; baseline -0.01 0"><span class='ocrx_word' id='word_1_204' title='bbox 498 3735 598 3742; x_wconf 52' lang='grc' dir='ltr'><strong><em>.-.Π-.-</em></strong></span> 
     </span>
    </p>
   </div>
   <div class='ocr_carea' id='block_1_4' title="bbox 178 3806 1239 4132">
    <p class='ocr_par' dir='ltr' id='par_1_5' title="bbox 200 3806 533 3893">
     <span class='ocr_line' id='line_1_30' title="bbox 200 3806 533 3893; baseline -0.024 -20"><span class='ocrx_word' id='word_1_205' title='bbox 200 3806 249 3893; x_wconf 74' lang='grc' dir='ltr'>(Ι)</span> <span class='ocrx_word' id='word_1_206' title='bbox 263 3808 411 3871; x_wconf 68' lang='lat' dir='ltr'>Rfflltrd</span> <span class='ocrx_word' id='word_1_207' title='bbox 424 3810 533 3881; x_wconf 77' lang='lat' dir='ltr'>(orne).</span> 
     </span>
    </p>

    <p class='ocr_par' dir='ltr' id='par_1_6' title="bbox 197 3894 584 3973">
     <span class='ocr_line' id='line_1_31' title="bbox 197 3894 584 3973; baseline -0.026 -14"><span class='ocrx_word' id='word_1_208' title='bbox 197 3894 250 3973; x_wconf 67' lang='grc' dir='ltr'>(ἱ)</span> <span class='ocrx_word' id='word_1_209' title='bbox 263 3896 342 3957; x_wconf 65' lang='lat' dir='ltr'>fimi</span> <span class='ocrx_word' id='word_1_210' title='bbox 353 3900 584 3971; x_wconf 60' lang='lat' dir='ltr'>(Eum-Lon).</span> 
     </span>
    </p>

    <p class='ocr_par' dir='ltr' id='par_1_7' title="bbox 178 3978 1239 4132">
     <span class='ocr_line' id='line_1_32' title="bbox 193 3978 1239 4063; baseline 0 -19"><span class='ocrx_word' id='word_1_211' title='bbox 193 3978 253 4063; x_wconf 67' lang='grc' dir='ltr'>’βῇ</span> <span class='ocrx_word' id='word_1_212' title='bbox 261 3984 374 4043; x_wconf 60' lang='lat' dir='ltr'>white</span> <span class='ocrx_word' id='word_1_213' title='bbox 385 3985 420 4042; x_wconf 86' lang='lat' dir='ltr'>de</span> <span class='ocrx_word' id='word_1_214' title='bbox 431 3988 659 4061; x_wconf 78' lang='lat' dir='ltr'>Montgommeri,</span> <span class='ocrx_word' id='word_1_215' title='bbox 672 3988 697 4043; x_wconf 86' lang='lat' dir='ltr'>la</span> <span class='ocrx_word' id='word_1_216' title='bbox 707 3988 848 4043; x_wconf 77' lang='lat' dir='ltr'>troisiemc</span> <span class='ocrx_word' id='word_1_217' title='bbox 858 3988 905 4043; x_wconf 87' lang='lat' dir='ltr'>des</span> <span class='ocrx_word' id='word_1_218' title='bbox 917 3989 985 4044; x_wconf 81' lang='lat' dir='ltr'>filles</span> <span class='ocrx_word' id='word_1_219' title='bbox 994 3991 1033 4045; x_wconf 93' lang='lat' dir='ltr'>du</span> <span class='ocrx_word' id='word_1_220' title='bbox 1046 4002 1135 4046; x_wconf 86' lang='lat' dir='ltr'>comte</span> <span class='ocrx_word' id='word_1_221' title='bbox 1146 3991 1239 4063; x_wconf 83' lang='lat' dir='ltr'>Roger</span> 
     </span>
     <span class='ocr_line' id='line_1_33' title="bbox 178 4060 563 4132; baseline 0.005 -4"><span class='ocrx_word' id='word_1_222' title='bbox 178 4060 253 4129; x_wconf 59' lang='lat' dir='ltr'>:st</span> <span class='ocrx_word' id='word_1_223' title='bbox 263 4072 376 4131; x_wconf 66' lang='lat' dir='ltr'>latine</span> <span class='ocrx_word' id='word_1_224' title='bbox 389 4074 423 4130; x_wconf 84' lang='lat' dir='ltr'>de</span> <span class='ocrx_word' id='word_1_225' title='bbox 436 4075 563 4132; x_wconf 74' lang='lat' dir='ltr'>Belleme.</span> 
     </span>
    </p>
   </div>
   <div class='ocr_carea' id='block_1_5' title="bbox 172 4154 986 4245">
    <p class='ocr_par' dir='ltr' id='par_1_8' title="bbox 172 4154 986 4245">
     <span class='ocr_line' id='line_1_34' title="bbox 172 4154 986 4245; baseline -0.006 -21"><span class='ocrx_word' id='word_1_226' title='bbox 172 4154 389 4245; x_wconf 62' lang='lat' dir='ltr'>Molem,</span> <span class='ocrx_word' id='word_1_227' title='bbox 404 4165 524 4237; x_wconf 81' lang='lat' dir='ltr'>premier</span> <span class='ocrx_word' id='word_1_228' title='bbox 536 4164 574 4219; x_wconf 87' lang='lat' dir='ltr'>du</span> <span class='ocrx_word' id='word_1_229' title='bbox 590 4183 669 4233; x_wconf 86' lang='lat' dir='ltr'>nom,</span> <span class='ocrx_word' id='word_1_230' title='bbox 682 4174 772 4219; x_wconf 82' lang='lat' dir='ltr'>comte</span> <span class='ocrx_word' id='word_1_231' title='bbox 784 4164 818 4219; x_wconf 81' lang='lat' dir='ltr'>dc</span> <span class='ocrx_word' id='word_1_232' title='bbox 832 4166 986 4239; x_wconf 80' lang='lat' dir='ltr'>Mortagnc.</span> 
     </span>
    </p>
   </div>
   <div class='ocr_carea' id='block_1_6' title="bbox 0 0 1461 4980">
    <p class='ocr_par' dir='ltr' id='par_1_9' title="bbox 0 0 1461 4980">
     <span class='ocr_line' id='line_1_35' title="bbox 0 0 1461 4980; baseline 0 0"><span class='ocrx_word' id='word_1_233' title='bbox 0 0 1461 4980; x_wconf 95' lang='lat' dir='ltr'> </span> 
     </span>
    </p>
   </div>
  </div>
 </body>
</html>
