2910 4980
190 437 295 514 [1050]
560 437 675 500 naun
695 435 870 497 manus.
1205 428 1240 488 n

189 551 380 626 Elinaucio
405 569 609 655 peremptus
631 538 701 641 est,
729 569 765 627 et
785 553 984 627 Rodbertus
1007 553 1044 623 in
1070 548 1245 621 intestinis

191 663 319 739 lethale
334 665 463 737 vulnus
480 668 644 766 suscepit.
663 667 750 741 Inde
765 685 925 742 revectus
945 661 1059 738 tribus
1075 656 1245 763 septima·
1348 707 1350 711 -

190 781 247 884 nis
262 774 478 881 supervixit,
508 795 712 882 terramque
736 808 834 854 suam
858 782 940 855 liliis
958 781 1029 853 suis
1049 774 1191 876 Hugoni
1209 789 1246 845 et

190 892 378 969 Rodberto
394 896 526 969 divisit.
546 896 683 972 Deinde
700 909 776 970 x1v⁶
788 900 859 972 kal.
875 898 955 998 julii
969 895 1157 968 defunctus
1171 904 1243 974 est,

191 1030 226 1084 et
241 1039 340 1087 secus
357 1013 538 1109 ecclesiam
553 1029 684 1088 sanctae
700 1017 820 1087 Mariae
838 1014 931 1113 apud
952 1013 1171 1086 Nuceretum
1189 1031 1247 1078 se-

190 1128 312 1227 pultus
336 1146 389 1202 est
412 1130 480 1228 (1).
508 1130 593 1204 lnde
618 1131 820 1205 Radbertus
844 1131 938 1204 filius
962 1133 1035 1228 ejus
1061 1133 1246 1225 permotus

191 1261 261 1332 est,
281 1260 317 1318 et
340 1239 477 1318 meliori
501 1246 626 1319 militia
649 1248 804 1320 exerceri
822 1249 919 1319 nisus
940 1262 1005 1318 est.
1026 1238 1246 1314 Coenobium

191 1363 310 1465 itaque
329 1363 366 1434 in
386 1362 534 1462 praefata
552 1364 633 1437 villa
656 1364 771 1463 (sicut
787 1367 869 1436 satis
890 1390 994 1460 supra
1015 1361 1151 1432 dictum
1173 1355 1245 1449 est)

190 1470 258 1573 pro
280 1475 393 1548 salute
416 1504 477 1549 sua
500 1494 719 1579 suorumque
742 1481 865 1552 statuit
889 1491 1116 1560 construere,
1143 1471 1246 1568 eique

192 1607 305 1667 totam
321 1610 460 1692 partem
475 1595 683 1693 patrimonii
701 1598 774 1685 sui,
791 1598 942 1695 Hugone
956 1593 1066 1666 lratre
1080 1616 1144 1661 suo
1162 1612 1248 1660 con-

190 1709 385 1798 sentiente,
401 1698 598 1784 liberaliter
612 1711 836 1787 submittere.
856 1711 924 1786 Sed
941 1724 1080 1782 mutato
1096 1703 1248 1778 consilio

189 1848 254 1920 per
270 1824 506 1897 Willermum
520 1826 642 1900 Geroii
657 1830 873 1901 avunculum
889 1853 993 1899 suum
1002 1879 1013 1913 ,
1032 1824 1127 1895 facto
1143 1843 1248 1918 gene-

190 1940 256 2010 rali
283 1956 515 2030 testamento,
543 1969 625 2016 cum
652 1946 803 2044 Hugone
824 1944 936 2016 fratre
958 1966 1041 2028 suo,
1070 1937 1114 2009 de
1141 1930 1248 2007 rebus

191 2052 277 2152 quas
297 2082 402 2154 supra
423 2061 715 2146 memoravimus,
739 2061 837 2133 veuit
859 2059 1026 2144 Uticum;
1052 2053 1173 2153 ibique
1191 2074 1249 2121 se·

194 2169 353 2241 cundum
369 2173 528 2272 regulam
540 2176 651 2248 sancti
665 2175 847 2249 Benedicti
863 2175 989 2249 devote
1005 2171 1183 2271 professus
1197 2178 1250 2239 est

194 2285 459 2359 monachatum.
480 2290 613 2363 Multos
628 2290 767 2366 labores
781 2318 849 2390 pro
861 2290 1101 2363 subventione
1116 2306 1248 2383 paupe-

194 2401 244 2471 ris
257 2399 412 2474 ecclesiae
426 2406 611 2494 sustinuit,
627 2433 784 2508 opesque
798 2423 989 2508 parentum
1002 2428 1149 2477 suorum
1157 2451 1167 2487 ,
1187 2396 1248 2497 qui

194 2512 327 2586 divitiis
348 2515 595 2608 abundabant,
622 2523 805 2596 multoties
829 2521 967 2621 rapuit,
981 2535 1029 2592 ¹et
1051 2542 1117 2616 pro
1140 2513 1250 2585 salute
1370 2511 1375 2519 '

196 2654 322 2700 eorum
335 2629 378 2702 ad
396 2631 548 2705 subsidia
569 2635 729 2709 fidelium
747 2639 929 2709 caritative
942 2631 1138 2708 distribuit.
1153 2626 1251 2699 Had-

196 2746 279 2816 visae
293 2773 448 2848 namque
459 2753 563 2823 matri
578 2780 650 2826 suae
662 2754 809 2827 datisex
827 2754 927 2826 libris
949 2746 1249 2828 llodomensium‚

198 2857 378 2959 subripuit
398 2867 608 2969 mariagium
629 2897 753 2960 suum,
777 2870 846 2943 hoe
870 2888 922 2942 est
937 2869 1034 2942 Noa·
1054 2859 1250 2948 Mainardi,

198 2975 308 3050 Vetus
335 2981 500 3070 Maisnil,
532 2987 716 3059 Tanesiam
744 3003 779 3060 et
808 2987 948 3058 Maisnil
981 2982 1080 3055 Dode
1107 2981 1187 3078 (2),
1217 2992 1253 3048 0⁸

197 3093 357 3167 Uticensi
379 3098 525 3172 tradidit
541 3104 709 3176 ecclesiae.
731 3106 834 3176 Tunc
855 3105 962 3176 etiam
979 3125 1148 3199 magnum
1164 3092 1255 3192 psal·

197 3212 329 3284 terium
357 3216 463 3286 variis
486 3219 636 3317 picturis
666 3221 873 3294 decoratum
902 3220 1000 3292 dono
1029 3215 1153 3288 matris
1181 3236 1253 3282 suae

196 3327 424 3402 Uticensibus
438 3335 611 3425 contulit;
631 3337 728 3437 quod
747 3363 857 3438 usque
871 3336 976 3409 bodie
994 3331 1253 3407 monachorum

197 3445 327 3518 concio
348 3447 552 3544 psalmodiis
577 3453 712 3526 intenta
734 3453 942 3554 frequenter
962 3452 1006 3523 ad
1029 3451 1168 3521 laudem
1190 3446 1253 3518 Dei

198 3562 366 3635 revolvit.
387 3565 463 3640 Hoc
483 3568 651 3644 volumen
674 3573 801 3644 Emma
826 3575 958 3668 conjux
976 3563 1255 3663 Baeticam-egis

197 3676 399 3777 Anglorum
428 3678 613 3759 Radberto
644 3686 957 3784 Rotomagensium
988 3681 1256 3781 archiepiscopo

232 3997 271 4065 (r)
296 3996 388 4067 Voyez
408 3998 538 4054 ci·dessus
557 4011 578 4054 t.
601 4018 621 4068 t,
639 4020 667 4073 p.
685 4001 742 4068 181,
754 4018 849 4074 ceque
865 4018 933 4055 nous
946 4016 1028 4053 avons
1042 3998 1083 4052 dit
1096 3996 1133 4050 du
1147 3993 1255 4050 combat

199 4084 267 4138 dans
280 4084 370 4158 lequel
384 4086 491 4142 Robert
504 4088 538 4143 de
549 4089 754 4144 Grentemesuil
767 4090 810 4144 lut
823 4089 910 4144 blesse
923 4093 938 4142 a
952 4098 1036 4141 mort.

233 4178 272 4245 (a)
286 4176 321 4228 [c
335 4176 573 4248 boyer-Menam,
585 4180 804 4248 Viam-Masail,
822 4173 1003 4247 la'Tanaisie,
1017 4177 1043 4231 le
1056 4169 1255 4230 Mesnildlode.
