2910 4980
207 460 266 522 196
479 454 665 514 numan
687 452 993 513 noctusnsnci.
1169 456 1276 535 [roeo]

205 579 318 680 pleri,
341 591 377 650 et
400 577 481 677 igne
507 576 641 674 injecto
661 575 804 672 penitus
818 574 941 648 omnia
959 573 1067 645 simul
1084 571 1274 662 comburi,

204 711 238 767 et
257 693 307 765 sic
326 717 474 765 omnem
491 691 698 763 alimoniam
720 716 785 787 per
806 703 921 761 totam
937 689 1124 788 regionem
1141 688 1276 761 Trana·

204 809 451 903 llumbranam
462 808 598 907 pariter
611 805 798 878 devastari.
815 803 920 877 Unde
934 806 1097 906 sequenti
1113 820 1275 905 tempore

204 942 278 998 tam
291 926 407 1026 gravis
423 926 459 996 in
474 923 603 1023 Anglia
618 923 688 996 late
702 922 803 995 saevit
816 921 985 1019 penuria,
998 936 1034 994 et
1047 922 1274 996 inermemac

202 1042 402 1142 simplicem
426 1038 603 1138 populum
622 1052 721 1111 tanta
741 1036 846 1109 samis
871 1036 1025 1108 involvit
1047 1037 1214 1128 miserie,
1232 1052 1274 1109 ut

201 1158 404 1231 christianae
420 1155 538 1255 gentis
554 1155 743 1254 utriusque
757 1164 862 1226 'sexus
879 1166 916 1224 et
932 1152 1052 1224 omnis
1068 1142 1188 1224 aetaais
1204 1150 1273 1226 lao-

199 1277 315 1349 mines
325 1274 487 1374 perirent
499 1272 580 1371 plus
593 1297 703 1372 quam
719 1287 865 1343 centurn
880 1270 991 1342 millia
1005 1270 1072 1368 (1).
1093 1272 1135 1342 ln
1149 1269 1272 1343 multis

200 1388 436 1464 Guillelmum
451 1406 574 1462 nostra
588 1387 746 1462 libenter
758 1387 889 1460 extulit
904 1387 1032 1460 relatio
1038 1415 1049 1475 3
1069 1386 1131 1459 sed
1149 1387 1186 1459 in
1204 1385 1271 1461 lroc

199 1510 297 1611 quod
326 1534 397 1580 una
426 1511 562 1607 justum
585 1521 621 1579 et
651 1507 827 1605 injustum
856 1503 988 1576 tabidae
1018 1504 1121 1576 famis
1151 1503 1269 1578 tanne·

199 1650 302 1724 aeque
315 1620 514 1709 transfixit,
533 1619 677 1693 laudare
696 1645 774 1693 non
785 1618 912 1693 audeo.
932 1620 1042 1704 Nam,
1056 1618 1146 1690 dum
1162 1618 1270 1693 inuo-

199 1765 285 1813 cuos
304 1735 458 1810 infantes
469 1741 689 1836 juvenesque
710 1750 900 1808 vernentes
919 1749 954 1808 et
972 1733 1123 1808 lloridos
1140 1734 1269 1807 canitie

197 1881 298 1929 senes
316 1854 410 1927 fame
429 1852 625 1953 periclitari
643 1851 768 1945 rideo,
793 1853 1039 1926 misericordia
1060 1869 1184 1925 motus
1203 1853 1267 1925 mi·

197 1970 357 2046 serabilis
370 1970 496 2069 populi
514 1968 735 2043 moeroribus
750 1986 786 2044 et
800 1969 1039 2044 anxietatibus
1053 1971 1165 2071 magia
1181 1992 1268 2045 con·

196 2090 324 2179 doleo,
352 2114 461 2188 quam
487 2104 598 2161 tantae
620 2087 727 2161 caedis
752 2114 816 2161 reo
836 2088 977 2160 frivolis
1002 2085 1268 2161 adulationihus

196 2207 315 2280 favere
330 2205 510 2278 inutiliter
530 2204 668 2277 studeo.
688 2207 864 2278 Praeterea
888 2204 1138 2280 indubitanter
1152 2229 1267 2281 assero

195 2322 294 2423 quod
309 2323 457 2421 impune
471 2345 547 2395 non
561 2321 769 2393 remittetur
783 2336 856 2392 tam
868 2321 988 2394 laralia
999 2314 1150 2395 occisioi
1163 2324 1267 2398 Sum·

194 2464 274 2512 mos
288 2437 432 2510 enimet
450 2437 542 2508 imos
554 2436 719 2509 intuetur
729 2437 961 2536 omnipotens
969 2436 1082 2534 judex
1090 2491 1101 2525 ,
1116 2455 1154 2511 et
1167 2465 1266 2543 aeque

194 2556 360 2630 omnium
371 2553 691 2627 factadiacutietac
702 2556 1053 2654 punietjustissimus
1064 2555 1216 2648 vindex,
1228 2573 1265 2630 ut

194 2673 312 2773 palam
329 2670 499 2745 omnibus
517 2670 649 2746 enodat
667 2671 729 2744 Dei
747 2687 917 2771 perpetua
938 2673 1007 2746 lex.

243 2793 343 2862 luter
357 2788 450 2862 bella
463 2787 677 2862 Guillelmus
694 2815 737 2862 ex
754 2791 899 2864 civitate
916 2793 1058 2864 Guenta
1076 2789 1185 2890 jubet
1205 2793 1266 2866 ad·

194 2908 282 2981 ferri
301 2932 493 2993 coronam,
511 2906 651 3006 aliaque
670 2921 881 2980 ornamenta
898 2908 1026 3007 regalia
1049 2923 1086 2980 et
1104 2935 1208 2998 vasa,
1231 2923 1266 2983 et

194 3023 341 3098 dimisso
363 3023 523 3096 exercitu
546 3024 582 3095 in
601 3025 725 3096 castris
746 3023 954 3097 Eboracum
978 3026 1116 3125 pergit,
1143 3023 1266 3128 ibique

194 3140 320 3214 Natale
347 3139 539 3212 salvatoris
566 3141 681 3211 nostri
711 3140 952 3214 coucelebrat.
983 3142 1141 3214 Rursum
1165 3168 1265 3216 com-

193 3259 290 3357 perit
317 3255 446 3329 hostile
478 3255 670 3355 collegium
698 3258 735 3327 in
762 3257 895 3357 angulo
923 3255 1081 3358 quodam
1106 3260 1265 3359 regionis

194 3374 354 3460 latitare,
377 3373 467 3444 mari
490 3372 546 3445 rel
569 3372 760 3470 paludibus
776 3373 936 3475 undique
952 3375 1110 3449 munito.
1128 3376 1265 3450 Unioua

193 3489 309 3564 aditus
329 3517 393 3590 per
413 3487 570 3579 solidum
587 3490 826 3579 intromittit,
841 3491 1031 3567 latitudine
1048 3507 1194 3567 tantum
1205 3490 1264 3567 ri·

192 3606 285 3706 giuti
294 3605 425 3704 pedum
432 3604 736 3703 patens.Praedam
743 3603 987 3679 abundantem
996 3622 1263 3698 contraxerant,

181 3721 307 3794 ,securi
328 3719 531 3819 agitabant,
553 3720 689 3792 nullam
712 3721 779 3795 sibi
797 3723 872 3794 rim
888 3747 1020 3798 nocere
1035 3750 1140 3822 posse
1156 3742 1263 3826 puta·

194 3835 294 3908 bant.
314 3835 501 3924 Attamen,
519 3853 562 3907 ut
576 3862 702 3936 agmen
721 3838 860 3938 regium
877 3840 1126 3938 approximare
1141 3839 1263 3915 audie-

194 3967 304 4043 runt,
321 3966 434 4025 noctu
451 3955 665 4051 quantocius
678 3952 859 4029 abierunt.
875 3957 948 4029 Rex
967 3957 1096 4030 ardens
1113 3957 1263 4034 infesto·

227 4221 266 4289 (ι)
283 4219 364 4274 Cette
383 4220 485 4275 lamine
502 4221 573 4278 dura
589 4223 660 4279 neus
675 4228 792 4295 annaeo,
817 4228 886 4282 mais
907 4244 950 4283 sea
968 4227 1134 4303 principun
1151 4244 1261 4301 ravaga

190 4317 291 4364 curent
302 4306 360 4362 lieu
371 4326 407 4362 en
424 4308 506 4379 1068,
524 4310 592 4389 1069
603 4323 632 4368 et
649 4332 728 4387 ¹⁰7⁰·
