2910 4980
203 402 264 463 350
481 396 664 457 HISTORIA
687 396 987 460 tcctmnsttct.

204 531 351 605 cuntur,
375 531 411 588 et
435 515 546 605 fame,
564 516 719 616 frigore,
738 515 1010 618 pestilentiaque
1025 518 1268 617 periclitantes

203 634 405 735 aufugiunt.
433 632 702 732 Liuthprandus
727 630 1045 732 Langobardorum
1065 660 1128 707 rex
1152 636 1267 710 dona-

202 753 341 828 tionem
356 749 566 849 patrimonii
584 748 732 848 Alpium
748 749 950 824 Cottinrum
959 804 971 837 ,
988 777 1098 853 quam
1113 753 1265 853 Ariper-

203 887 262 942 tus
281 869 396 942 aureis
416 867 585 966 scriptam
604 864 733 938 litteris
754 866 908 942 llomnm
929 865 1129 956 direxerat,
1148 886 1188 944 et
1209 870 1267 945 ille

201 984 413 1084 repetierat,
439 981 688 1056 admonitione
710 979 876 1082 Gregorii
900 1008 1002 1084 papae
1022 983 1263 1059 confirmavit.

203 1102 301 1176 Idem
323 1126 399 1176 ossa
421 1100 459 1172 S.
478 1099 671 1202 Augustini
696 1099 855 1174 doctoris
878 1099 964 1198 dato
988 1128 1122 1202 magno
1149 1104 1264 1202 pretio

201 1218 307 1303 emit;
326 1231 363 1290 et
379 1214 424 1289 de
440 1215 621 1303 Sardinia,
645 1241 753 1316 quam
769 1215 953 1290 Sarraceni
973 1215 1185 1318 depopulati
1199 1218 1264 1293 loe·

200 1332 402 1425 durantsin
423 1331 593 1404 Ticinum
609 1330 795 1404 transtulit
810 1347 848 1407 et
868 1331 1068 1408 honorifice
1087 1333 1260 1409 condidit.

200 1505 244 1568 24.
339 1499 449 1555 Profuit
461 1499 491 1554 in
502 1499 607 1573 populo
619 1499 732 1554 Domini
740 1499 903 1556 venerabilia
915 1501 1013 1576 Ilugo,

339 1589 375 1644 Et
386 1587 487 1644 tribuit
497 1598 596 1644 sanctu
607 1587 738 1659 subjecto
749 1587 881 1661 dogmata
892 1590 953 1645 rite
962 1592 1009 1661 (t).

197 1748 263 1819 llic
280 1743 518 1822 consobrinus
534 1746 677 1846 Pippini
694 1747 868 1848 principis
883 1750 1107 1823 Francorum
1123 1749 1213 1840 luit,
1226 1768 1258 1825 et

197 1888 263 1938 vnt
282 1862 399 1951 annis,
420 1877 582 1961 tempore
598 1861 765 1963 Gregorii
783 1860 826 1937 ΙΙί
840 1891 955 1965 pupae,
975 1864 1257 1968 archiepiscopus

195 1978 280 2052 fuit.
305 1977 472 2052 Ecclesiis
491 1977 600 2050 etiam
615 1978 803 2051 Parisiensi
824 1979 972 2078 praeluit
995 1998 1031 2054 et
1055 1982 1254 2082 Bajocensi‚

196 2095 347 2171 abbatiis
359 2122 507 2199 quoque
522 2095 797 2170 Gemmeticensi
811 2111 848 2171 et
863 2096 1140 2172 Fontinellensi.
1155 2101 1256 2200 Cujus

197 2240 328 2315 corpus
350 2238 433 2284 cum
460 2238 613 2312 corpore
634 2212 671 2285 S.
702 2212 844 2285 Aicadri
871 2240 890 2285 a
916 2213 1254 2291 Gemmeticensibns

196 2332 234 2404 in
258 2329 528 2429 Lotharingiam
553 2328 763 2401 translatum
789 2344 861 2417 est,
887 2329 1009 2431 ibique
1032 2333 1070 2406 in
1094 2333 1178 2409 vico
1197 2334 1252 2435 qui

196 2447 320 2547 Haspis
349 2446 406 2546 (2)
432 2445 580 2534 dicitur,
609 2445 647 2516 in
673 2445 860 2520 territorio
887 2446 1133 2523 Cameracensi
1162 2476 1251 2524 nnnc

193 2590 306 2665 usqne
335 2563 373 2634 in
402 2560 536 2636 scrinio
562 2577 732 2661 argenteo
756 2561 956 2637 honorilice
985 2582 1168 2640 servatum
1191 2581 1248 2642 eet

193 2680 301 2752 Tunc
315 2677 573 2752 Constantinus
590 2675 798 2776 imperabat.
813 2677 984 2779 Anglicus
997 2679 1088 2756 Beda
1104 2681 1248 2756 famulus

194 2793 349 2882 Christi,
379 2811 417 2868 et
446 2789 636 2894 presbyter
663 2796 871 2869 monasterii
897 2796 968 2869 BB.
995 2794 1246 2896 Apostolorum

193 2914 290 2988 Petri
299 2927 336 2986 et
344 2912 457 2999 Pauli,
469 2913 568 3012 quod
580 2926 633 2986 est
645 2909 690 2985 ad
701 2912 952 2988 Wiremudam
966 2914 1003 2986 in
1016 2912 1198 3013 Girvum(
1219 2916 1242 3012 l,

193 3032 335 3104 claruit.
358 3030 481 3102 Hicin
500 3030 685 3104 territorio
703 3029 858 3129 ejusdem
877 3031 1088 3104 monasterii
1111 3047 1165 3105 est
1188 3057 1242 3104 na·

193 3164 273 3235 tus,
305 3164 342 3221 et
371 3147 551 3247 septennis
581 3145 784 3219 educandus
812 3147 1102 3222 reverentissimo
1135 3147 1239 3220 abbati

190 3266 383 3342 benedicto
402 3291 443 3338 ac
459 3263 587 3338 deinde
605 3264 824 3339 Geolfridoa
846 3265 1060 3365 propinquis
1076 3265 1196 3355 dutus,
1212 3277 1238 3337 et

192 3400 363 3458 cunctum
373 3409 417 3458 eo
429 3400 569 3482 tempus
576 3384 661 3455 vitae
676 3385 712 3455 in
725 3382 881 3482 ejusdem
892 3386 1102 3460 monasterii
1114 3383 1236 3458 habita·

191 3504 291 3577 tione
308 3501 467 3601 peregit,
489 3526 706 3600 omnemque
725 3499 920 3574 meditandi
942 3501 1146 3601 Scripturas
1167 3524 1233 3599 opt

190 3647 268 3693 ram
280 3619 396 3707 dedit,
412 3634 447 3692 et
466 3619 560 3691 inter
577 3616 838 3691 observantiam
851 3616 1049 3718 disciplinae
1065 3617 1230 3720 mgulans,

225 3908 263 3975 (ι)
280 3904 358 3960 Saint
369 3903 499 3975 Huguee,
511 3900 683 3973 archeveqne
694 3898 729 3954 de
740 3899 840 3955 Rouen
850 3918 910 3955 vers
922 3918 988 3975 720,
999 3902 1104 3976 entique
1113 3901 1147 3958 de
1156 3897 1224 3960 ests,

190 3996 259 4049 abbe
270 3995 305 4050 de
315 3991 475 4049 Fontenelle
484 4002 512 4046 et
524 3991 560 4046 de
572 3991 713 4062 lumieges
725 3990 756 4057 (8
771 3989 838 4045 avril
850 3989 923 4064 730).

226 4085 263 4156 (α)
283 4085 416 4157 Haspres‚
429 4085 444 4137 a
455 4079 472 4136 3
485 4081 570 4136 lienes
583 4080 619 4134 de
632 4079 842 4138 Valeneienues.

224 4169 262 4239 (3)
281 4174 395 4240 Jarrow,
410 4173 472 4243 pres
487 4169 687 4239 Wearmouth‚
703 4169 770 4227 dam
781 4169 808 4226 lc
816 4171 907 4226 comte
916 4168 951 4224 de
962 4168 1097 4225 Dnrbam.

1267 4420 1290 4944 l
