2910 4980
500 407 820 484 ttssttu'oumttts.
1131 408 1190 471 tot

125 530 231 604 terris
247 531 319 602 suis
340 544 376 602 ct
396 528 440 602 de
465 528 542 601 aliis
568 526 797 601 facultatibus
805 557 816 616 3
840 526 1048 602 reverenter
1071 527 1117 601 ab
1143 530 1192 603 eis

125 647 327 722 honoratur
350 645 441 719 ordo
461 648 703 734 monasticus,
730 663 767 719 et
790 647 827 717 in
852 642 1100 720 mortis-metu
1123 673 1194 749 pro

125 768 254 838 animae
270 764 429 837 subsidio
447 765 532 838 totis
548 765 729 863 expetitur
745 762 943 836 affectibus.
969 762 1106 837 Ibidem
1123 767 1195 837 mi-

127 882 205 954 lites
219 881 413 953 claustrum
426 896 570 955 servant
582 906 664 952 cum
678 879 881 967 monachis,
897 906 990 980 saepe
1003 880 1047 953 de
1061 882 1196 981 practi-

127 1000 177 1070 cis
190 997 295 1069 simul
311 1012 466 1070 tractant
480 1013 517 1070 et
530 996 713 1072 theoricis.
731 999 790 1069 Sic
806 996 926 1071 schola
941 997 983 1069 [it
996 1000 1195 1071 viventium

126 1130 161 1185 et
179 1113 359 1212 refugium
375 1114 624 1186 morientium.

176 1231 358 1327 Tempore
372 1229 467 1302 Petri
487 1230 638 1302 senioris
654 1230 849 1303 Mainerius
866 1227 974 1301 abbas
986 1229 1196 1330 Philippum

124 1371 245 1443 regem
262 1345 486 1419 Francorum
503 1347 672 1444 expetiit,
690 1360 726 1419 et
752 1372 807 1418 res
833 1347 869 1418 in
887 1370 1000 1445 regno
1018 1349 1092 1444 ejus
1108 1347 1195 1420 Uti-

126 1459 290 1533 censibus
314 1463 411 1533 datas
439 1461 624 1535 humiliter
646 1462 694 1534 'ab
721 1489 764 1536 eo
792 1463 990 1562 requisivit.
1020 1462 1084 1537 llle
1110 1490 1196 1538 vero

126 1577 331 1677 benigniter
347 1606 406 1666 ea,
425 1605 507 1679 quae
527 1578 606 1653 data
624 1596 748 1666 erant,
769 1581 945 1653 concessit
954 1610 965 1668 ;
984 1606 1116 1681 eosque
1132 1583 1196 1682 qui

126 1721 246 1766 secum
270 1712 372 1766 cram
386 1750 397 1782 ‚
428 1711 468 1766 ut
491 1695 731 1769 abundantius
754 1697 905 1783 darent,
937 1697 1134 1771 clementer
1160 1716 1197 1772 et

128 1810 292 1883 hilariter
305 1811 506 1884 admonuit.
522 1815 600 1887 Hoc
616 1814 652 1885 in
670 1814 797 1886 itinere
817 1815 912 1885 inter
924 1815 1128 1911 Speonnam
1142 1816 1158 1913 (
1166 1815 1197 1912 ι)

128 1944 163 1999 ct
182 1929 390 2001 Medantum
406 1929 622 2002 factumest.
640 1930 776 2003 Deinde
795 1947 957 2029 tempore
971 1930 1066 2003 Petri
1077 1933 1199 2028 junio·

127 2048 176 2116 ris
195 2046 396 2118 Ludovicus
413 2074 477 2119 rex
493 2048 662 2120 Manlium
681 2049 803 2136 venit,
829 2064 867 2121 et
890 2049 926 2119 in
945 2047 1109 2122 eumdem
1128 2051 1198 2122 Pe-

129 2181 226 2234 trum
243 2189 312 2261 pro
329 2160 543 2263 quibusdam
564 2162 721 2236 reatibus
744 2165 930 2238 insolentis
947 2168 1107 2262 juventae
1128 2167 1199 2238 ira·

129 2298 206 2366 tus,
242 2280 415 2378 lapideam
450 2283 713 2367 munitionem,
740 2308 808 2382 qua
832 2280 990 2381 prudens
1018 2282 1198 2357 Ansoidus

126 2398 276 2470 domum
294 2424 394 2469 suam
414 2398 594 2487 cinxerat,
617 2426 700 2470 cum
721 2400 793 2498 ipsa
809 2398 919 2472 domo
936 2398 1077 2498 dejecit.
1092 2400 1198 2473 Tunc

129 2515 220 2587 idem
242 2543 304 2587 rex
330 2515 526 2615 hospitium
551 2517 587 2587 in
609 2515 720 2590 domo
741 2515 1002 2589 monachorum
1021 2517 1195 2617 suscepit,

127 2649 163 2705 et
174 2660 327 2733 quaeque
338 2651 502 2733 tempore
518 2635 627 2706 trium
642 2635 895 2710 dominorum:
908 2634 1019 2722 Petri,
1031 2632 1198 2720 ansoldi,

127 2749 344 2848 alteriusque
368 2752 464 2824 Petri
490 2749 570 2822 data
594 2751 643 2822 eis
664 2749 830 2838 fuerant,
847 2750 904 2822 vel
927 2750 992 2848 ipsi
1014 2765 1196 2837 emerant,

128 2866 235 2966 regali
250 2869 478 2942 concessione
491 2868 734 2941 confirmavit.
747 2868 853 2939 Tunc
864 2865 1045 2938 Guarinus
1058 2864 1201 2966 Sogien·

126 2985 186 3069 sis,
208 2984 263 3055 vir
275 2984 424 3056 callidus
441 3000 476 3057 et
494 2984 586 3058 bene
599 2984 793 3072 litteratus,
809 2984 1012 3081 prioratum
1030 2979 1196 3072 habehat,

127 3100 346 3200 servitioque
363 3127 429 3175 suo
447 3118 483 3175 et
503 3101 670 3173 familiari
691 3100 876 3201 colloquio
899 3128 917 3170 a
938 3125 1020 3198 rege
1041 3102 1200 3174 sanctio-

128 3243 211 3288 nem
235 3219 352 3316 exegit
373 3220 539 3291 omnium
559 3245 702 3308 rerum,
721 3243 810 3317 quas
827 3215 940 3290 eidem
963 3215 1046 3289 loco
1062 3242 1200 3315 procu-

127 3349 293 3406 ravemnt
318 3334 529 3408 Goisbertus
552 3350 588 3409 et
614 3332 890 3422 Guidmundus,
924 3330 1139 3406 Guiilelmus
1164 3351 1200 3409 et

127 3451 251 3549 nugo,
275 3452 388 3524 David
415 3468 452 3525 et
478 3451 704 3538 Rannulfus,
727 3450 861 3550 aliique
881 3451 1021 3548 priores
1043 3450 1200 3549 ejusdcm

128 3567 249 3640 Cellae.
268 3569 354 3640 Haec
371 3567 415 3641 de
435 3568 567 3641 Manlia
588 3570 626 3640 in
644 3568 813 3668 praesenti
835 3565 959 3641 libello
979 3566 1109 3644 dixisse
1124 3568 1202 3643 suf·

129 3685 237 3758 liciat.
1032 3666 1037 3682 ⁸
1201 3672 1207 3685 ⁸

178 3804 264 3874 XX.
280 3806 449 3877 Famosus
462 3803 639 3878 archiater
652 3804 878 3893 Goisbertus‚
894 3820 1087 3904 postquam
1100 3803 1200 3877 Man·

131 3921 187 3990 liae
204 3917 386 3991 basilicam
401 3924 458 4018 (ut
470 3921 643 4020 diximus)
656 3924 787 4022 coepit,
807 3948 889 3995 cum
907 3920 1121 4022 quibusdam
1135 3941 1201 3994 no‘·

169 4187 176 4247 ζ
184 4187 207 4253 ι)
227 4171 329 4255 Εροηο.
