2926 4980
197 420 258 479 376
469 418 652 477 HISTORIA
674 417 978 481 Eccttsllsrtcit.

198 540 265 611 llic
290 539 443 611 decanus
469 539 774 612 Cenomannensis
799 539 956 612 ecolesiae
978 539 1069 628 fuit,
1097 554 1262 640 tempore

197 656 300 729 Hotili
320 671 356 729 et
371 653 570 729 Hildeberti
582 654 843 728 venerabilium
857 657 1073 756 praesulum,
1089 675 1127 731 et
1139 673 1263 732 xnus·

197 776 498 872 Rotomagensem
513 771 745 870 metropolim
762 776 838 871 jam
858 799 884 846 x
900 791 937 848 et
955 799 1007 847 vn
1021 777 1149 863 annis,
1167 790 1260 850 tem·

195 916 285 988 pore
301 889 494 978 Pasclmlis,
513 888 662 975 Gelasii,
686 889 815 961 Calixti
837 907 873 964 et
894 893 1048 965 Honorii
1065 919 1255 992 paparum,

196 1005 302 1077 rexit.
321 1005 496 1078 llenrieus
509 1003 567 1078 V¹¹⁸
582 1019 618 1077 et
633 1000 825 1076 [aotharius
836 1003 1063 1103 praelnernnt
1077 1009 1207 1093 latiis,
1224 1022 1259 1080 et

196 1120 341 1194 Alexius
364 1137 471 1224 atque
492 1119 672 1195 lohannes
689 1120 784 1194 filius
808 1125 882 1221 q‘us
896 1122 1060 1223 Pelasgis.
1080 1125 1145 1196 llis
1166 1142 1259 1198 tem·

195 1236 345 1335 poribus
363 1237 476 1309 multa
495 1238 533 1309 in
550 1236 641 1312 orbe
657 1239 890 1338 contigerunt
907 1238 1142 1312 memoranda
1151 1292 1163 1327 ,
1178 1264 1261 1340 qne

194 1358 268 1428 snis
280 1356 318 1428 in
330 1355 418 1428 loeis
429 1356 572 1429 notitiae
581 1371 813 1454 posterorum
822 1355 940 1429 officio
950 1356 1074 1428 calami
1085 1357 1260 1430 veraciter

194 1487 304 1544 erunt
326 1471 551 1572 assignanda,
572 1473 602 1544 si
627 1473 700 1544 vita
725 1470 814 1544 milii
839 1497 963 1546 eomes
983 1472 1108 1561 fuerit,
1132 1473 1258 1573 stipata

195 1588 332 1661 coelesti
350 1587 528 1662 beneficio
549 1604 586 1662 et
606 1589 729 1688 gratia.

244 1703 300 1777 Ad
327 1703 459 1778 lineam
486 1705 683 1803 propositae
710 1704 895 1778 relationis
919 1730 1079 1779 remeare
1101 1706 1258 1797 volenti,

195 1846 219 1894 o
231 1819 388 1921 benigne
401 1821 529 1908 lector,
544 1846 681 1921 quaeso,
697 1846 803 1919 paroe
814 1819 918 1893 mihi.
932 1821 1115 1895 Prolimm
1126 1821 1261 1924 digres-

196 1939 334 2012 sionem
353 1963 423 2037 pro
438 1936 728 2011 Rodomensibus
742 1943 817 2037 jam
836 1937 905 2011 feci
923 1940 1117 2039 episeopis,
1139 1941 1260 2014 eonti-

196 2082 306 2128 nnam
316 2055 577 2129 successionem
585 2082 714 2130 eornm
727 2055 912 2130 mritotive
922 2072 1094 2156 appetens
1105 2057 1261 2157 pleniter

196 2173 383 2246 enucleare
407 2172 572 2271 posteris.
601 2174 675 2244 Hac
703 2173 824 2272 itaque
849 2173 894 2246 de
917 2197 1019 2246 eausa
1044 2172 1262 2276 chronogra-

196 2288 318 2387 phiam
329 2289 626 2388 octingentorum
639 2287 716 2361 fere
727 2312 909 2360 annorum
921 2290 1078 2387 patravi,
1089 2306 1128 2363 et
1137 2314 1260 2365 omnes

195 2405 380 2478 Romanos
398 2403 612 2502 apostolicos
625 2404 680 2501 (1)
691 2402 738 2475 ab
749 2401 908 2477 Eusebio
919 2432 1010 2504 pape
1022 2407 1182 2480 seriatim
1196 2430 1261 2479 no-

197 2519 352 2607 minavi,
373 2544 485 2619 nsque
509 2518 553 2590 ad
575 2515 809 2591 Lambertum
827 2518 1044 2607 Ostiensem,
1071 2522 1134 2622 qni
1158 2546 1260 2595 vom-

198 2653 259 2708 tur
287 2635 493 2727 Honorius,
517 2650 554 2708 et
580 2660 680 2706 nune
705 2651 837 2733 praeest
862 2635 1068 2735 apostolicae
1092 2636 1167 2712 sedi
1194 2638 1259 2736 (l.

197 2753 329 2826 Omnes
356 2754 464 2825 etiam
490 2752 668 2851 Augustos
696 2777 716 2822 a
740 2753 982 2827 Constantino
1007 2754 1141 2853 Magno
1166 2753 1262 2827 Con-

197 2866 482 2963 stantinopoloos
496 2865 684 2940 conditore
698 2863 783 2938 huic
795 2866 969 2965 opusculo
983 2868 1134 2957 inserui,
1151 2893 1264 2968 usque

197 2983 242 3056 ad
259 2982 461 3057 lohannem
478 2982 592 3057 Alexii
612 2983 728 3056 filium
745 2983 816 3081 (ὅ),
831 2985 895 3083 qui
913 3009 1012 3057 nnnc
1023 2997 1150 3085 regnat
1160 2984 1261 3059 Gon·

199 3098 456 3198 stantinopoli,
474 3112 512 3170 et
527 3123 639 3198 usque
655 3097 700 3170 ad
719 3095 932 3170 Lotharium
948 3099 1168 3174 Saxonicum
1186 3099 1260 3199 (l),

199 3216 262 3316 qui
282 3215 434 3288 Romani
458 3239 558 3287 nunc
581 3229 683 3287 tutor
710 3231 764 3287 est
794 3215 949 3314 imperii.
974 3215 1116 3291 Amodo
1139 3215 1185 3289 nd
1209 3214 1284 3289 Μ’

201 3333 316 3404 nostri
335 3332 527 3432 temporis,
547 3347 754 3431 nostraeque
768 3331 926 3431 regionis
942 3348 1116 3422 revertar,
1132 3350 1170 3407 et
1183 3358 1264 3434 qnoe

201 3449 238 3519 in
263 3447 427 3520 Neustria
450 3444 518 3519 sub
537 3444 734 3520 Guillelmo
755 3472 839 3547 rege
859 3461 943 3546 post
961 3447 1158 3521 eonsilium
1179 3448 1266 3523 llle-

200 3563 308 3637 bonae
324 3579 418 3663 gesta
435 3579 538 3651 sunt,
557 3588 724 3637 enarrare
739 3562 935 3664 aggrediar.

236 3833 275 3901 (ι)
294 3832 343 3885 laes
362 3847 458 3903 popm,
477 3827 707 3885 habituellement
724 3827 853 3901 designes
866 3845 902 3882 en
919 3825 1021 3900 langue
1032 3844 1148 3882 romane
1165 3844 1229 3883 sons
1242 3826 1269 3881 le

203 3939 268 3976 nom
281 3919 464 3991 d’apostoiles.

237 4013 275 4079 (α)
294 4009 435 4063 Honorius
448 4008 475 4062 ll
485 4008 531 4076 (m
544 4005 691 4061 decembre
708 4010 824 4072 nol-14
836 4005 936 4059 levrier
954 4002 1039 4074 1130).

236 4096 276 4168 (5)
294 4100 361 4153 Jean
373 4099 516 4154 Cornnene
526 4095 572 4167 (15
585 4096 651 4151 aoiit
668 4096 765 4151 1118·8
777 4094 845 4149 avril
865 4092 957 4164 1143).

240 4189 277 4257 (l)
296 4187 423 4242 Lothaire
436 4187 463 4240 ll
476 4183 522 4256 (13
535 4184 690 4260 septembre
706 4182 963 4250 1125-ldeoeinbre
981 4178 1065 4258 1137}
