2910 4980
189 427 297 502 [sose]
561 422 678 481 uum
699 422 891 496 Quinrus.
1195 426 1255 486 iss

238 543 402 643 Elfgarus
419 567 537 616 comes
552 543 796 615 Coventrense
808 539 1019 615 coenobium
1031 543 1253 629 construxit,

191 678 228 735 et
255 659 392 759 magnis
417 656 615 732 redditibus
641 657 684 730 ad
710 658 848 730 victum
875 656 1137 731 monachorum
1164 658 1256 730 inibi

192 776 468 852 consistentium
483 774 629 876 largiter
646 775 774 847 ditavit
791 776 862 876 (1).
886 774 1050 849 Godiova
1066 802 1154 849 vero
1171 776 1259 850 reli-

191 893 289 992 giosa
310 892 488 964 comitissa
504 917 652 967 omnem
669 891 875 964 thesaurum
892 916 998 963 suum
1013 891 1129 966 eidem
1146 890 1260 966 eccle·

192 1011 254 1082 siae
272 1007 449 1099 contulit,
467 1023 503 1082 et
519 1009 698 1082 accersitis
714 1007 903 1084 aurifabris
920 1009 1092 1110 quicquid
1115 1012 1153 1081 in
1171 1036 1259 1083 auro

192 1141 228 1198 et
245 1140 397 1224 argento
415 1121 558 1212 habuit,
583 1124 628 1198 ad
648 1124 931 1198 construendum
947 1151 1064 1200 sacros
1084 1141 1200 1199 textus
1224 1141 1261 1198 et

193 1268 316 1316 cruces
331 1267 372 1315 ac
389 1242 558 1342 imagines
574 1257 802 1329 sanctorum,
821 1243 958 1343 alisque
977 1242 1128 1316 mirifica
1145 1244 1262 1318 eccle-

192 1362 254 1436 siae
271 1374 482 1435 ornamenta
494 1361 624 1435 devote
635 1359 833 1433 distribuit.
851 1360 979 1436 Devoti
999 1365 1075 1436 Deo
1088 1361 1261 1464 dignique

193 1476 379 1578 religionis
412 1477 516 1549 laude
543 1490 710 1575 parentes
739 1477 934 1577 elegantem
962 1493 998 1551 et
1020 1477 1133 1550 multa
1159 1476 1263 1550 laude

193 1593 339 1695 dignam
351 1592 542 1667 ediderunt
557 1592 721 1668 sobolem
738 1624 746 1664 ε
763 1594 967 1684 Eduinum,
986 1597 1211 1685 Morcarum,
1228 1612 1264 1669 et

195 1739 304 1786 unam
322 1710 433 1785 filiam
452 1714 601 1786 nomine
622 1712 744 1800 Aldit,
769 1738 851 1812 quae
872 1715 993 1813 primo
1017 1714 1142 1812 nupsit
1160 1711 1265 1786 Grit-

195 1829 292 1903 lrido
312 1831 387 1930 regi
409 1830 642 1914 Guallorum,
662 1845 745 1928 post
767 1832 867 1928 cujus
885 1847 1042 1904 mortem
1064 1831 1195 1904 sociata
1212 1845 1265 1903 est

196 1946 352 2021 lleraldo
370 1948 445 2048 regi
463 1946 666 2047 Anglorum
686 1948 701 2044 (
728 1947 758 2043 ).

245 2063 425 2162 Tempore
435 2063 691 2136 Normannicae
702 2061 823 2149 cladis,
838 2088 920 2161 quae
933 2063 1055 2134 nimiis
1065 2064 1266 2162 oppressio-

196 2176 303 2251 nibus
319 2179 456 2279 Anglos
478 2177 711 2251 immoderate
729 2177 996 2277 conquassavit,
1019 2177 1189 2251 Blidenus
1208 2178 1265 2275 (ὅ)

196 2321 260 2368 rex
273 2292 490 2368 Guollorum
507 2294 551 2367 ad
566 2292 761 2366 avunculos
780 2318 862 2367 suos
878 2295 1055 2392 suppetias
1071 2295 1189 2380 venit,
1211 2319 1267 2368 se-

196 2436 351 2510 cumque
366 2411 636 2484 multitudinem
649 2412 843 2484 Britonum
854 2411 1015 2483 adduxit.
1035 2411 1266 2512 Congregatis

196 2543 317 2602 autem
334 2529 371 2602 in
387 2555 503 2601 unum
519 2528 644 2600 multis
660 2527 865 2628 Anglorum
884 2543 921 2602 et
937 2528 1150 2603 Guallorum
1169 2530 1268 2629 opti·

197 2641 373 2733 malibus,
394 2644 436 2717 fit
457 2643 633 2744 generalis
656 2644 881 2742 querimonia
901 2643 945 2715 de
972 2645 1111 2743 injuriis
1137 2662 1174 2717 et
1198 2672 1268 2744 op-

198 2757 454 2857 pressionibus,
467 2758 599 2858 quibus
613 2757 890 2832 intolerabiliter
900 2759 1006 2859 Angli
1020 2759 1268 2859 affligebantur

199 2902 218 2947 a
235 2875 456 2950 Normannis
472 2892 508 2949 et
525 2902 650 2949 eorum
666 2875 998 2952 contubernalibus.
1014 2877 1268 2977 legationibus

233 3215 243 3284 l
248 3215 272 3284 ι)
291 3214 328 3268 Le
337 3216 492 3269 monastero
504 3213 539 3269 de
552 3214 691 3286 Covenuy
701 3213 744 3268 lut
756 3213 841 3268 fonde
852 3232 912 3268 vers
928 3211 1011 3280 1043,
1026 3231 1084 3269 non
1099 3231 1191 3286 parce
1203 3231 1268 3284 per·

202 3317 337 3376 manage,
359 3303 428 3357 mais
447 3321 497 3375 par
510 3302 632 3370 Leosric,
647 3303 790 3357 troisilme
804 3301 843 3355 du
857 3319 938 3367 nom,
960 3319 1009 3355 son
1028 3303 1107 3373 pere,
1127 3319 1165 3355 ou
1176 3299 1270 3373 plutot

202 3409 250 3464 por
262 3391 378 3449 Godeva
394 3411 423 3448 sa
440 3396 526 3447 merc.
546 3393 655 3464 Voyez,
674 3392 743 3447 dans
761 3391 787 3445 le
804 3391 993 3447 Monosticum
1007 3392 1211 3463 Anglicanum,
1229 3387 1269 3445 les

202 3480 309 3538 chartus
321 3480 447 3538 relatives
463 3486 480 3537 ὲ
493 3491 565 3536 cette
582 3483 720 3550 creation,
740 3500 763 3550 ι,
785 3501 813 3554 p.
828 3479 889 3536 302.
904 3482 941 3534 La
960 3479 1128 3545 londatrice,
1148 3498 1222 3535 soeur
1235 3480 1270 3536 de

203 3570 322 3640 Turuld,
336 3570 436 3626 sherill
444 3571 484 3625 du
498 3571 703 3639 Lincolnshire,
722 3581 764 3625 est
778 3571 848 3626 citee
864 3568 1002 3642 plusieurs
1019 3569 1072 3624 lois
1083 3568 1152 3624 dans
1167 3570 1193 3626 le
1210 3571 1268 3626 Do-

205 3658 319 3734 mesday
332 3658 412 3714 Book
430 3677 493 3714 sous
511 3658 537 3713 le
556 3678 621 3714 nom
638 3659 673 3714 de
694 3659 809 3714 Godeva
826 3659 983 3714 Comitissa.
999 3659 1045 3713 Un
1063 3677 1175 3733 passage
1188 3661 1222 3716 de
1240 3681 1271 3717 ce

205 3747 353 3805 document
365 3766 469 3822 prouve
478 3749 579 3823 qu'elle
592 3768 626 3802 ne
637 3760 751 3804 mourut
762 3749 890 3823 qu’apres
901 3748 927 3802 la
936 3750 1082 3823 conquete.

237 3839 275 3909 (a)
293 3825 394 3904 Edith,
407 3855 481 3892 soeur
493 3837 621 3892 d’Edwin
634 3848 663 3893 et
675 3838 710 3892 de
725 3839 843 3906 Morcus,
859 3839 962 3892 mariee
977 3857 1013 3892 en
1027 3841 1177 3912 premieres
1190 3860 1271 3896 noces

207 3927 345 3984 'aGriffith
359 3946 395 3982 ou
408 3927 542 4000 Gruffyd,
557 3931 598 3983 roi
617 3928 652 3982 ‹le
664 3928 772 3997 Galles,
787 3939 816 3982 et
833 3947 868 3982 en
885 3928 1015 3982 secondes
1032 3947 1114 3984 noces
1126 3934 1141 3984 fa
1154 3931 1269 3986 llarold.

208 4014 297 4090 Voyea
309 4014 447 4073 ci-‹lessus
460 4035 488 4087 p.
506 4035 563 4089 ¹¹9·

238 4105 276 4178 (3)
293 4106 593 4179 Blethyn·ap·Coulin,
610 4125 695 4162 nevcu
706 4105 833 4162 d’Edwin
847 4107 921 4162 etde
936 4108 1053 4176 Morcar,
1065 4126 1171 4163 commo
1187 4110 1227 4164 lils
1238 4110 1273 4164 de

209 4191 265 4250 leur
277 4213 351 4251 soeor
366 4182 461 4250 Edith.
